Movimientos de CC $ 0535/02104573/56
Fecha contable;Cod de Concepto;Concepto;Debito en $;Credito en $;Saldo en $;Informacion Complementaria;Nro de cheque;Sucursal Origen;Canal;Banco;CBU/Alias;Tipo trf;Referencia;Nombre;Tipo doc;Nro doc
31/03/2026;990;DEBITO INMEDIATO23398633369;-1580790,46;;-1031209,06;DBTO CREDIN;;0535;BUSSINESS SERVER;DE GALICIA Y BS AS;0070345930004019265183;;;BARRIOS JOSIAS LUIS;CUIT;0023398633369
31/03/2026;990;DEBITO INMEDIATO20339480096;-457160,00;;549581,40;DBTO CREDIN;;0535;BUSSINESS SERVER;BRUBANK S.A.U.;1430001713014950590012;;;GIMENEZ DAVID EDUARDO;CUIT;0020339480096
31/03/2026;990;DEBITO INMEDIATO20402794365;-467756,00;;1006741,40;DBTO CREDIN;;0535;BUSSINESS SERVER;DE LA NACION ARGENTINA;0110221730022117748465;;;DARIO NAHUEL GONZALEZ;CUIT;0020402794365
31/03/2026;990;DEBITO INMEDIATO20321004548;-461732,00;;1474497,40;DBTO CREDIN;;0535;BUSSINESS SERVER;;0000085700203210045483;;;GERARDO RAMON BUROWIE AGUIRRE MINO;CUIT;0020321004548
31/03/2026;990;DEBITO INMEDIATO20311174178;-1104896,89;;1936229,40;DBTO CREDIN;;0535;BUSSINESS SERVER;DE GALICIA Y BS AS;0070077130004093868849;;;MORELL FRANCISCO JAVIER;CUIT;0020311174178
31/03/2026;990;DEBITO INMEDIATO27432682280;-469156,00;;3041126,29;DBTO CREDIN;;0535;BUSSINESS SERVER;;0000076500000011052027;;;XIMENA ALESSANDRA MALDONADO;CUIT;0027432682280
31/03/2026;990;DEBITO INMEDIATO27362057731;-467756,00;;3510282,29;DBTO CREDIN;;0535;BUSSINESS SERVER;DE LA NACION ARGENTINA;0110221730022115854029;;;MONICA PAOLA FERNANDEZ;CUIT;0027362057731
31/03/2026;990;TR.3530277  A 0535/01133106/69;-1324944,88;;3978038,29;MTA00000000013;;0187;DATANET;ICBC;0150535101000133106690;;;SEBASTIAN ALEJANDRO CABRERA;CUIT;0020398651554
31/03/2026;990;TR.3530273  A 0535/01132702/54;-478539,00;;5302983,17;MTA00000000013;;0187;DATANET;ICBC;0150535101000132702547;;;MATIAS SANCHEZ;CUIT;0020388566915
31/03/2026;795;TRANSF. E/BCOS-ONLINE;;13000000,00;5781522,17;TEBB0000;;0171;ATM DEL EXTERIOR;;00020003969759;;;LOGISTICA ARGENTINA S R L;CUIT;0030717060985
31/03/2026;990;DEBITO INMEDIATO27213406650;-568618,56;;-7218477,83;DBTO CREDIN;;0535;BUSSINESS SERVER;DE GALICIA Y BS AS;0070121730004188146951;;;GONZALEZ MIRIAM YOLANDA;CUIT;0027213406650
31/03/2026;990;DEBITO INMEDIATO20265544755;-1328544,64;;-6649859,27;DBTO CREDIN;;0535;BUSSINESS SERVER;PATAGONIA SUDAMERIS SA;0340298808298038094003;;;HEREDIA, RUBEN EDUAR;CUIT;0020265544755
31/03/2026;990;DEBITO INMEDIATO20170049625;-51718,39;;-5321314,63;DBTO CREDIN;;0535;BUSSINESS SERVER;MACRO;2850313240095515927218;;;FIGUEROA CLAUDIO LUIS;CUIT;0020170049625
31/03/2026;208;IVA RG 2408;-555,00;;-5269596,24;;;0535;PROCESO BATCH
31/03/2026;206;I V A;-3885,00;;-5269041,24;;;0535;PROCESO BATCH
31/03/2026;020;COM MPAY TRF ABIERTA INTER;-18500,00;;-5265156,24;COM MPAY TRF A;;0535;PROCESO BATCH
31/03/2026;259;IMP S/DEB CT;-254661,36;;-5246656,24;2;;0535;PROCESO BATCH
30/03/2026;858;PAGO MAPFRE 2298721-28/03/2026;-8023,67;;-4991994,88;00099992026040;;0167;PROCESO BATCH
30/03/2026;990;DEBITO INMEDIATO30546689979;-8952611,14;;-4983971,21;DBTO CREDIN;;0535;BUSSINESS SERVER;SANTANDER RIO;0720000720000000973386;;;YPF SOCIEDAD ANONIMA;CUIT;0030546689979
30/03/2026;795;TRANSF. E/BCOS-ONLINE;;3447000,00;3968639,93;TEBB0000;;0171;ATM DEL EXTERIOR;;00020003969759;;;LOGISTICA ARGENTINA S R L;CUIT;0030717060985
30/03/2026;990;DEBITO INMEDIATO23404241443;-1391591,69;;521639,93;DBTO CREDIN;;0535;BUSSINESS SERVER;NARANJA X;4530000800018936636659;;;ALEJO ELENO;CUIT;0023404241443
30/03/2026;990;DEBITO INMEDIATO20210944517;-214576,82;;1913231,62;DBTO CREDIN;;0535;BUSSINESS SERVER;;0000003100016434851059;;;JORGE OSCAR BRIONES;CUIT;0020210944517
30/03/2026;990;DEBITO INMEDIATO20251348317;-790600,15;;2127808,44;DBTO CREDIN;;0535;BUSSINESS SERVER;;0000003100091524966408;;;MARCOS ANTONIO OLIVA RIQUELME;CUIT;0020251348317
30/03/2026;990;DEBITO INMEDIATO20208227042;-707025,93;;2918408,59;DBTO CREDIN;;0535;BUSSINESS SERVER;;0000003100068994923709;;;DANIEL GUADALUPE AGUIRRE;CUIT;0020208227042
30/03/2026;990;DEBITO INMEDIATO27319953480;-619234,20;;3625434,52;DBTO CREDIN;;0535;BUSSINESS SERVER;NARANJA X;4530000800010609088992;;;MELISA ALEJANDRA AGUILAR;CUIT;0027319953480
30/03/2026;990;DEBITO INMEDIATO23281863789;-507478,00;;4244668,72;DBTO CREDIN;;0535;BUSSINESS SERVER;;0000184305010007271971;;;RUBEN ADRIAN BURGI;CUIT;0023281863789
30/03/2026;990;DEBITO INMEDIATO20243197539;-256926,23;;4752146,72;DBTO CREDIN;;0535;BUSSINESS SERVER;NARANJA X;4530000800013340777996;;;NELSON DANIEL GARAY;CUIT;0020243197539
30/03/2026;990;DEBITO INMEDIATO20401009206;-921965,53;;5009072,95;DBTO CREDIN;;0535;BUSSINESS SERVER;;0000003100072581519367;;;MAXIMILIANO RUBEN MEDINA;CUIT;0020401009206
30/03/2026;990;DEBITO INMEDIATO20259500789;-651065,33;;5931038,48;DBTO CREDIN;;0535;BUSSINESS SERVER;;0000076500000032165203;;;EDGAR ALBERTO SOSA;CUIT;0020259500789
30/03/2026;990;TRANSF CONNBKG;-865381,58;;6582103,81;0106417;;0187;DATANET;PROVINCIA DE BS AS;0140318103654453256687;;;MARIANO MARTIN,LOPEZ;CUIT;0020236221882
30/03/2026;990;TRANSF CONNBKG;-970136,24;;7447485,39;0106416;;0187;DATANET;BBVA;0170015240000006154648;;;MORALES NORBERTO E;CUIT;0020167931325
30/03/2026;990;TRANSF CONNBKG;-7292415,90;;8417621,63;0106415;;0187;DATANET;SANTANDER RIO;0720069420000001153240;;;TRANSPORTES LEILA SAS;CUIT;0030716804972
30/03/2026;990;TRANSF CONNBKG;-615143,05;;15710037,53;0106414;;0187;DATANET;DE LA PAMPA;0930300121500096558364;;;SANCHEZ NOEMI ALICIA;CUIT;0027201064266
30/03/2026;990;TRANSF CONNBKG;-573071,72;;16325180,58;0106413;;0187;DATANET;DE GALICIA Y BS AS;0070380030004018804231;;;GOMEZ MATIAS GERMAN;CUIT;0020344534595
30/03/2026;990;TRANSF CONNBKG;-1845456,91;;16898252,30;0106412;;0187;DATANET;SANTANDER RIO;0720037388000036904286;;;ALDERETE MIGUEL ANGEL;CUIT;0020330308746
30/03/2026;990;TRANSF CONNBKG;-964456,00;;18743709,21;0106411;;0187;DATANET;PROVINCIA DE BS AS;0140102403402560218919;;;LEONARDO GABRIEL,VITOLO;CUIT;0020363533109
30/03/2026;990;TRANSF CONNBKG;-108658,39;;19708165,21;0106410;;0187;DATANET;DE LA NACION ARGENTINA;0110501830050172861551;;;GIORDANO GERARDO LUIS;CUIT;0020299917828
30/03/2026;990;TRANSF CONNBKG;-340853,31;;19816823,60;0106409;;0187;DATANET;DE LA PAMPA;0930364310100000066714;;;GUZMAN HUGO EZEQUIEL;CUIT;0020214288584
30/03/2026;990;TRANSF CONNBKG;-821246,28;;20157676,91;0106408;;0187;DATANET;PROVINCIA DE BS AS;0140437503620655627833;;;DANTE ARIEL,LENCINA;CUIT;0020294470744
30/03/2026;990;TRANSF CONNBKG;-1110360,92;;20978923,19;0106407;;0187;DATANET;BBVA;0170151340000006175155;;;BOH GLADYS NOE;CUIT;0027238204408
30/03/2026;990;TRANSF CONNBKG;-310809,94;;22089284,11;0106403;;0187;DATANET;PROV CORDOBA;0200315111000007537444;;;VERA, MAXIMILIANO JOAQUIN;CUIT;0020388309335
30/03/2026;990;TRANSF CONNBKG;-1615943,77;;22400094,05;0106402;;0187;DATANET;DE GALICIA Y BS AS;0070397830004016391061;;;ARTAZA ALAN MAURICIO;CUIT;0020368662934
30/03/2026;990;TRANSF CONNBKG;-223614,98;;24016037,82;0106401;;0187;DATANET;MACRO;2850857140095487371198;;;MASSIMIANI MARIA EVANGELINA;CUIT;0027321853779
30/03/2026;990;TRANSF CONNBKG;-868004,97;;24239652,80;0106400;;0187;DATANET;DE GALICIA Y BS AS;0070251730004018437327;;;CINCUNEGUI GASTON EMMANUEL;CUIT;0020330441950
30/03/2026;990;DEBITO INMEDIATO27272288696;-940948,69;;25107657,77;DBTO CREDIN;;0535;BUSSINESS SERVER;;0000003100047424496297;;;MELINA BEATRIZ HAAG;CUIT;0027272288696
30/03/2026;990;TRANSF CONNBKG;-561348,71;;26048606,46;0106399;;0187;DATANET;DE LA NACION ARGENTINA;0110197930019788094083;;;MILLON TELLO ANDRES MARTIN RA;CUIT;0020304192780
30/03/2026;990;TRANSF CONNBKG;-713158,25;;26609955,17;0106398;;0187;DATANET;CIUDAD DE BS AS;0290000110000670361493;;;TARENCO CARLOS GABRIEL;CUIT;0020338060883
30/03/2026;990;TRANSF CONNBKG;-43918,29;;27323113,42;0106397;;0187;DATANET;DE GALICIA Y BS AS;0070147720000000323860;;;SALMARDIN SAS;CUIT;0033716733209
30/03/2026;990;TRANSF CONNBKG;-813267,64;;27367031,71;0106396;;0187;DATANET;BBVA;0170207340000033636137;;;HOSENEN MAURICIO;CUIT;0020440240063
30/03/2026;990;TRANSF CONNBKG;-1499865,00;;28180299,35;0106395;;0187;DATANET;DE LA NACION ARGENTINA;0110613430061313789351;;;TABOADA APAZA AMALIA;CUIT;0027943460774
30/03/2026;990;TRANSF CONNBKG;-380635,30;;29680164,35;0106394;;0187;DATANET;DE GALICIA Y BS AS;0070188030004019891919;;;GOITIA SALAZAR SERGIO FROILAN;CUIT;0020345394339
30/03/2026;990;TRANSF CONNBKG;-652228,24;;30060799,65;0106393;;0187;DATANET;DE GALICIA Y BS AS;0070121730004188146951;;;GONZALEZ MIRIAM YOLANDA;CUIT;0027213406650
30/03/2026;990;TRANSF CONNBKG;-738694,95;;30713027,89;0106392;;0187;DATANET;BRUBANK S.A.U.;1430001713013842870018;;;AGUILAR LEANDRO JAVIER;CUIT;0020201481873
30/03/2026;990;TRANSF CONNBKG;-829719,04;;31451722,84;0106391;;0187;DATANET;BBVA;0170285140000033414463;;;LABEGUERE ADOLFO OMA;CUIT;0020166813000
30/03/2026;990;TRANSF CONNBKG;-114864,51;;32281441,88;0106390;;0187;DATANET;SANTANDER RIO;0720242388000037279240;;;PIETRAS MATIAS DANIEL;CUIT;0023349093359
30/03/2026;990;TRANSF CONNBKG;-601699,44;;32396306,39;0106389;;0187;DATANET;DE GALICIA Y BS AS;0070031330004052398440;;;BECERRA PAULA NATASHA;CUIT;0027438588359
30/03/2026;990;TR.3493205  A 0539/01131358/58;-379557,48;;32998005,83;MTA00000000013;;0187;DATANET;ICBC;0150539901000131358581;;;FABIO DOMINGO GOMEZ;CUIT;0020176730820
30/03/2026;990;TRANSF CONNBKG;-590069,19;;33377563,31;0106388;;0187;DATANET;NUEVO BCO DEL CHACO;3110030211001246479012;;;BRITOS JUAN PABLO;CUIT;0020271875151
30/03/2026;795;TRANSF. E/BCOS-ONLINE;;33800000,00;33967632,50;TEBB0000;;0171;ATM DEL EXTERIOR;;00020003969759;;;LOGISTICA ARGENTINA S R L;CUIT;0030717060985
30/03/2026;208;IVA RG 2408;-315,00;;167632,50;;;0535;PROCESO BATCH
30/03/2026;206;I V A;-2205,00;;167947,50;;;0535;PROCESO BATCH
30/03/2026;020;COM MPAY TRF ABIERTA INTER;-10500,00;;170152,50;COM MPAY TRF A;;0535;PROCESO BATCH
30/03/2026;260;IMP S/CRED CT;-11954,25;;180652,50;2;;0535;PROCESO BATCH
30/03/2026;259;IMP S/DEB CT;-166958,23;;192606,75;2;;0535;PROCESO BATCH
30/03/2026;276;R/RECAUDACION IB SIRCREB CONV.;-23908,50;;359564,98;Z N00079001200;;0535;PROCESO BATCH
27/03/2026;990;DEBITO INMEDIATO20448728316;-641136,88;;383473,48;DBTO CREDIN;;0535;BUSSINESS SERVER;NUEVO BCO DEL SOL;3108100900010002018118;;;PATRON MAXIMO OSCAR;CUIT;0020448728316
27/03/2026;990;DEBITO INMEDIATO20448728316;-529563,44;;1024610,36;DBTO CREDIN;;0535;BUSSINESS SERVER;NUEVO BCO DEL SOL;3108100900010002018118;;;PATRON MAXIMO OSCAR;CUIT;0020448728316
27/03/2026;990;DEBITO INMEDIATO20448728316;-641136,88;;1554173,80;DBTO CREDIN;;0535;BUSSINESS SERVER;NUEVO BCO DEL SOL;3108100900010002018118;;;PATRON MAXIMO OSCAR;CUIT;0020448728316
27/03/2026;990;TRANSF CONNBKG;-8367766,40;;2195310,68;0111693;;0187;DATANET;DE GALICIA Y BS AS;0070077120000012844755;;;ALBO DISTRIBUCIONES SRL;CUIT;0030716010917
27/03/2026;990;TRANSF CONNBKG;-8950000,01;;10563077,08;0111692;;0187;DATANET;DE GALICIA Y BS AS;0070077120000012844755;;;ALBO DISTRIBUCIONES SRL;CUIT;0030716010917
27/03/2026;990;TRANSF CONNBKG;-8460990,24;;19513077,09;0111691;;0187;DATANET;DE GALICIA Y BS AS;0070077120000012844755;;;ALBO DISTRIBUCIONES SRL;CUIT;0030716010917
27/03/2026;944;TRANS PAG PROV;;1992375,00;27974067,33;4065903;;0187;DATANET;SANTANDER RIO;0720051920000002140522;;;MILLANA TRANSPOR;CUIT;0030718295706
27/03/2026;795;TRANSF. E/BCOS-ONLINE;;26135000,00;25981692,33;TEBB0000;;0171;ATM DEL EXTERIOR;;00020003969759;;;LOGISTICA ARGENTINA S R L;CUIT;0030717060985
27/03/2026;206;I V A;-210,00;;-153307,67;;;0535;PROCESO BATCH
27/03/2026;020;COM B@C TRF.ABIERTA INTER;-1000,00;;-153097,67;COM B C TRF.AB;;0535;PROCESO BATCH
27/03/2026;276;R/RECAUDACION IB SIRCREB CONV.;-234568,61;;-152097,67;Z N00079001200;;0535;PROCESO BATCH
27/03/2026;260;IMP S/CRED CT;-117284,30;;82470,94;2;;0535;PROCESO BATCH
27/03/2026;259;IMP S/DEB CT;-42683,97;;199755,24;2;;0535;PROCESO BATCH
26/03/2026;177;DEBITO INMEDIATO30717060985;-14000000,00;;242439,21;DBTO CREDIN;;0535;BUSSINESS SERVER;BRUBANK S.A.U.;1430001725039697590016;;;LOGISTICA ARGENTINA S R L;CUIT;0030717060985
26/03/2026;990;DEBITO INMEDIATO27190655402;-179994,32;;14242439,21;DBTO CREDIN;;0535;BUSSINESS SERVER;DE GALICIA Y BS AS;0070137830004049359760;;;ESCOBAR GODOY JESSICA KA;CUIT;0027190655402
26/03/2026;990;DEBITO INMEDIATO20287702923;-134115,91;;14422433,53;DBTO CREDIN;;0535;BUSSINESS SERVER;CREDICOOP COOP LTDO;1910089655108903199053;;;PONCE RAMOS JUAN CARLOS;CUIT;0020287702923
26/03/2026;990;DEBITO INMEDIATO33716733209;-1037799,91;;14556549,44;DBTO CREDIN;;0535;BUSSINESS SERVER;DE GALICIA Y BS AS;0070147720000000323860;;;SALMARDIN SAS;CUIT;0033716733209
26/03/2026;990;DEBITO INMEDIATO20319114816;-200000,00;;15594349,35;DBTO CREDIN;;0535;BUSSINESS SERVER;BBVA;0170330440000044873930;;;SAINZ JAVIER FER;CUIT;0020319114816
26/03/2026;990;DEBITO INMEDIATO20359655380;-323777,58;;15794349,35;DBTO CREDIN;;0535;BUSSINESS SERVER;BRUBANK S.A.U.;1430001713012333140010;;;CARRENO FEDERICO NICOLAS;CUIT;0020359655380
26/03/2026;990;DEBITO INMEDIATO20287702923;-344837,11;;16118126,93;DBTO CREDIN;;0535;BUSSINESS SERVER;CREDICOOP COOP LTDO;1910089655108903199053;;;PONCE RAMOS JUAN CARLOS;CUIT;0020287702923
26/03/2026;990;DEBITO INMEDIATO20309265085;-150000,00;;16462964,04;DBTO CREDIN;;0535;BUSSINESS SERVER;;0000003100004970475787;;;DAMIAN ARIEL DIANA;CUIT;0020309265085
26/03/2026;990;DEBITO INMEDIATO20368662934;-1455187,20;;16612964,04;DBTO CREDIN;;0535;BUSSINESS SERVER;DE GALICIA Y BS AS;0070397830004016391061;;;ARTAZA ALAN MAURICIO;CUIT;0020368662934
26/03/2026;990;DEBITO INMEDIATO20285005060;-246314,35;;18068151,24;DBTO CREDIN;;0535;BUSSINESS SERVER;DE GALICIA Y BS AS;0070232630004008431104;;;LOPEZ SERGIO AUGUSTO;CUIT;0020285005060
26/03/2026;990;DEBITO INMEDIATO27228003781;-181253,40;;18314465,59;DBTO CREDIN;;0535;BUSSINESS SERVER;PROVINCIA DE BS AS;0140323503420009056236;;;HILDA MARIELA,FRANCOLINO;CUIT;0027228003781
26/03/2026;990;DEBITO INMEDIATO20287702923;-239682,12;;18495718,99;DBTO CREDIN;;0535;BUSSINESS SERVER;CREDICOOP COOP LTDO;1910089655108903199053;;;PONCE RAMOS JUAN CARLOS;CUIT;0020287702923
26/03/2026;990;DEBITO INMEDIATO20210944517;-223032,86;;18735401,11;DBTO CREDIN;;0535;BUSSINESS SERVER;;0000003100016434851059;;;JORGE OSCAR BRIONES;CUIT;0020210944517
26/03/2026;990;DEBITO INMEDIATO27472827036;-585805,95;;18958433,97;DBTO CREDIN;;0535;BUSSINESS SERVER;PATAGONIA SUDAMERIS SA;0340383708383006225005;;;ZUNIGA GAJARDO, VALE;CUIT;0027472827036
26/03/2026;990;DEBITO INMEDIATO23268097279;-200000,00;;19544239,92;DBTO CREDIN;;0535;BUSSINESS SERVER;DE LA NACION ARGENTINA;0110390630039094185783;;;RUEFLI JOSE MARIA I;CUIT;0023268097279
26/03/2026;990;DEBITO INMEDIATO23272505209;-88616,70;;19744239,92;DBTO CREDIN;;0535;BUSSINESS SERVER;;0000003100002818528176;;;JUAN JOSE PACHECO;CUIT;0023272505209
26/03/2026;944;TRANS PAG PROV;;19547383,88;19832856,62;8055620;;0187;DATANET;DE GALICIA Y BS AS;0070068920000000544951;;;LOGINTER SA;CUIT;0030687280438
26/03/2026;795;TRANSF. E/BCOS-ONLINE;;1400000,00;285472,74;TEBB0000;;0171;ATM DEL EXTERIOR;;00020003969759;;;LOGISTICA ARGENTINA S R L;CUIT;0030717060985
26/03/2026;208;IVA RG 2408;-585,00;;-1114527,26;;;0535;PROCESO BATCH
26/03/2026;206;I V A;-4095,00;;-1113942,26;;;0535;PROCESO BATCH
26/03/2026;020;COM MPAY TRF ABIERTA INTER;-19500,00;;-1109847,26;COM MPAY TRF A;;0535;PROCESO BATCH
26/03/2026;260;IMP S/CRED CT;-2861,76;;-1090347,26;2;;0535;PROCESO BATCH
26/03/2026;259;IMP S/DEB CT;-313662,77;;-1087485,50;2;;0535;PROCESO BATCH
26/03/2026;276;R/RECAUDACION IB SIRCREB CONV.;-5723,50;;-773822,73;Z N00079001200;;0535;PROCESO BATCH
26/03/2026;009;CH CAMARA44881;-1493671,09;;-768099,23;0000012144881;012144881;0080;PROCESO BATCH CAMARA RECIBIDA
25/03/2026;858;PAGO MAPFRE 2297847-23/03/2026;-569550,16;;725571,86;00099992026040;;0167;PROCESO BATCH
25/03/2026;858;PAGO MAPFRE 2297608-22/03/2026;-245691,31;;1295122,02;00099992026040;;0167;PROCESO BATCH
25/03/2026;795;TRANSF. E/BCOS-ONLINE;;15300000,00;1540813,33;TEBB0000;;0171;ATM DEL EXTERIOR;;00020003969759;;;LOGISTICA ARGENTINA S R L;CUIT;0030717060985
25/03/2026;990;DEBITO INMEDIATO30707543155;-2463259,92;;-13759186,67;DBTO CREDIN;;0535;BUSSINESS SERVER;DE GALICIA Y BS AS;0070126220000003023279;;;UNIR SA;CUIT;0030707543155
25/03/2026;990;DEBITO INMEDIATO30546689979;-12440602,41;;-11295926,75;DBTO CREDIN;;0535;BUSSINESS SERVER;SANTANDER RIO;0720000720000000973386;;;YPF SOCIEDAD ANONIMA;CUIT;0030546689979
25/03/2026;990;DEBITO INMEDIATO27329376589;-694643,56;;1144675,66;DBTO CREDIN;;0535;BUSSINESS SERVER;;0000076500000023061309;;;CARLA ELISABET CEPARO;CUIT;0027329376589
25/03/2026;990;DEBITO INMEDIATO27250797074;-1160919,46;;1839319,22;DBTO CREDIN;;0535;BUSSINESS SERVER;;0000076500000040710569;;;ANALIA VERNICA JAIMES;CUIT;0027250797074
25/03/2026;990;DEBITO INMEDIATO20238891532;-1677855,55;;3000238,68;DBTO CREDIN;;0535;BUSSINESS SERVER;;0000003100011981552479;;;SERGIO DANIEL MOJICA;CUIT;0020238891532
25/03/2026;990;DEBITO INMEDIATO20418342367;-1721338,55;;4678094,23;DBTO CREDIN;;0535;BUSSINESS SERVER;;0000003100059650310155;;;EMILIANO ESTEBAN GALARZA;CUIT;0020418342367
25/03/2026;990;DEBITO INMEDIATO20335254504;-1412885,50;;6399432,78;DBTO CREDIN;;0535;BUSSINESS SERVER;;0000003100038468330919;;;HERNAN DARIO STRAMBI;CUIT;0020335254504
25/03/2026;990;DEBITO INMEDIATO20283353444;-1317783,28;;7812318,28;DBTO CREDIN;;0535;BUSSINESS SERVER;;0000003100002398713449;;;GUSTAVO RAUL BORDON;CUIT;0020283353444
25/03/2026;990;DEBITO INMEDIATO27429304801;-291253,40;;9130101,56;DBTO CREDIN;;0535;BUSSINESS SERVER;NARANJA X;4530000800010625807096;;;SOFIA MARIA LARA PUMETTI CANOSA;CUIT;0027429304801
25/03/2026;990;DEBITO INMEDIATO23379162029;-1339212,16;;9421354,96;DBTO CREDIN;;0535;BUSSINESS SERVER;;0000076500000004373171;;;HUGO NICOLAS FARIAS;CUIT;0023379162029
25/03/2026;990;TRANSF CONNBKG;-1353780,88;;10760567,12;0105284;;0187;DATANET;SANTANDER RIO;0720371688000001714586;;;CUELLO NESTOR RUBEN;CUIT;0020171524238
25/03/2026;990;TRANSF CONNBKG;-1672276,28;;12114348,00;0105283;;0187;DATANET;SUPERVIELLE;0270043420057404700038;;;CIZ, ARIEL;CUIT;0020250024674
25/03/2026;990;TRANSF CONNBKG;-1245164,26;;13786624,28;0105282;;0187;DATANET;MACRO;2850672840095659080608;;;GOMEZ THIAGO NAHUEL;CUIT;0020452648947
25/03/2026;990;TRANSF CONNBKG;-1472740,50;;15031788,54;0105281;;0187;DATANET;DE GALICIA Y BS AS;0070134730004005071721;;;JAEGGI KEVIN JEREMIAS;CUIT;0020468371597
25/03/2026;990;TRANSF CONNBKG;-83057,32;;16504529,04;0105280;;0187;DATANET;BBVA;0170081740000047459225;;;LACORTE ADRIAN ROB;CUIT;0020321256466
25/03/2026;990;DEBITO INMEDIATO20263562195;-1863925,44;;16587586,36;DBTO CREDIN;;0535;BUSSINESS SERVER;;0000003100098020322491;;;HORACIO GABRIEL RICCI;CUIT;0020263562195
25/03/2026;990;TRANSF CONNBKG;-418398,15;;18451511,80;0105279;;0187;DATANET;CREDICOOP COOP LTDO;1910274855127401799435;;;ARCE JUAN MANUEL;CUIT;0020308089240
25/03/2026;990;TRANSF CONNBKG;-1107620,40;;18869909,95;0105278;;0187;DATANET;PROVINCIA DE BS AS;0140329703709251377644;;;LUCIANO DAVID,RAPANELLI;CUIT;0020418341417
25/03/2026;990;TRANSF CONNBKG;-213279,69;;19977530,35;0105277;;0187;DATANET;MUNICIPAL DE ROSARIO;0650080102000054813917;;;ARCE,LEONEL GASTON;CUIT;0020321288813
25/03/2026;990;TRANSF CONNBKG;-1153528,22;;20190810,04;0105276;;0187;DATANET;DE GALICIA Y BS AS;0070704830004001928328;;;SANTARCANGELO LUIS EMANUEL;CUIT;0020317924926
25/03/2026;990;TRANSF CONNBKG;-1512609,67;;21344338,26;0105275;;0187;DATANET;SANTANDER RIO;0720371688000002236168;;;GONZALEZ TOMAS ALEJANDRO;CUIT;0020416559350
25/03/2026;990;TRANSF CONNBKG;-457508,73;;22856947,93;0105274;;0187;DATANET;PROVINCIA DE BS AS;0140062503500854854796;;;HORACIO ANTONIO,FERNANDEZ;CUIT;0023359021879
25/03/2026;990;TRANSF CONNBKG;-395826,33;;23314456,66;0105273;;0187;DATANET;DE LA NACION ARGENTINA;0110444230044440667451;;;BRUNI ARIEL JOSE;CUIT;0023220917649
25/03/2026;990;TRANSF CONNBKG;-1064189,80;;23710282,99;0105272;;0187;DATANET;DE GALICIA Y BS AS;0070233330004031451102;;;DI LORENZO SEBASTIAN CELSO;CUIT;0023350222529
25/03/2026;990;TRANSF CONNBKG;-353403,85;;24774472,79;0105271;;0187;DATANET;NUEVO BANCO DE SANTA FE S A;3300028020280000842015;;;ACUAVOTTA, ALBERTO MARTIN;CUIT;0020314576390
25/03/2026;990;TRANSF CONNBKG;-88616,70;;25127876,64;0105270;;0187;DATANET;SANTANDER RIO;0720089288000038234172;;;VILLA LUCAS MAXIMILIANO;CUIT;0020353517814
25/03/2026;990;TRANSF CONNBKG;-1319455,00;;25216493,34;0105269;;0187;DATANET;SANTANDER RIO;0720371688000002236168;;;GONZALEZ TOMAS ALEJANDRO;CUIT;0020416559350
25/03/2026;990;TRANSF CONNBKG;-783391,95;;26535948,34;0105268;;0187;DATANET;PROVINCIA DE BS AS;0140000703100083903634;;;ROBERTO CARLOS,CASTRO MOLLO;CUIT;0020950212080
25/03/2026;990;TRANSF CONNBKG;-366526,80;;27319340,29;0105267;;0187;DATANET;COMAFI;2990039003911910840015;;;SILVA JOSE FRANCISCO;CUIT;0020424213927
25/03/2026;990;TRANSF CONNBKG;-227714,81;;27685867,09;0105266;;0187;DATANET;SANTANDER RIO;0720277588000037617154;;;ESPINOSA ELISABET JUDITH;CUIT;0027260059152
25/03/2026;990;TRANSF CONNBKG;-161245,96;;27913581,90;0105265;;0187;DATANET;SANTANDER RIO;0720514988000035064204;;;PEREYRA ANDREA CAROLINA;CUIT;0027311198942
25/03/2026;990;TRANSF CONNBKG;-910767,44;;28074827,86;0105264;;0187;DATANET;SANTANDER RIO;0720081688000044245722;;;SILVA MARCELO EZEQUIEL;CUIT;0020340094469
25/03/2026;944;TRANS PAG PROV;;407255,90;28985595,30;3096084;;0187;DATANET;DE GALICIA Y BS AS;0070077120000014194391;;;HIJOS DE ROBERTO CANCIO DEMON;CUIT;0033578089239
25/03/2026;795;TRANSF. E/BCOS-ONLINE;;27765000,00;28578339,40;TEBB0000;;0171;ATM DEL EXTERIOR;;00020003969759;;;LOGISTICA ARGENTINA S R L;CUIT;0030717060985
25/03/2026;990;DEBITO INMEDIATO30716804972;-8508223,90;;813339,40;DBTO CREDIN;;0535;BUSSINESS SERVER;SANTANDER RIO;0720069420000001153240;;;TRANSPORTES LEILA SAS;CUIT;0030716804972
25/03/2026;783;TRANSF. E/BCOS-ONLINE;;69702,72;9321563,30;LINK0010100C4;;0171;LINK;;29104299254597;;TRANSF;AUCAR,JORGE MAURO;;0020290129746
25/03/2026;208;IVA RG 2408;-90,00;;9251860,58;;;0535;PROCESO BATCH
25/03/2026;206;I V A;-630,00;;9251950,58;;;0535;PROCESO BATCH
25/03/2026;020;COM MPAY TRF ABIERTA INTER;-3000,00;;9252580,58;COM MPAY TRF A;;0535;PROCESO BATCH
25/03/2026;260;IMP S/CRED CT;-102581,81;;9255580,58;2;;0535;PROCESO BATCH
25/03/2026;259;IMP S/DEB CT;-299702,38;;9358162,39;2;;0535;PROCESO BATCH
25/03/2026;276;R/RECAUDACION IB SIRCREB CONV.;-205163,61;;9657864,77;Z N00079001200;;0535;PROCESO BATCH
20/03/2026;990;DEBITO INMEDIATO27190655402;-1376071,18;;9863028,38;DBTO CREDIN;;0535;BUSSINESS SERVER;DE GALICIA Y BS AS;0070137830004049359760;;;ESCOBAR GODOY JESSICA KA;CUIT;0027190655402
20/03/2026;807;PAGO IMP.AFIP;-41960778,22;;11239099,56;BEBS0000;;0171;HOME BANKING
20/03/2026;990;DEBITO INMEDIATO20427034179;-1595971,62;;53199877,78;DBTO CREDIN;;0535;BUSSINESS SERVER;MUNICIPAL DE ROSARIO;0650020702000258319741;;;ACUNA,GABRIEL NICOLAS;CUIT;0020427034179
20/03/2026;990;DEBITO INMEDIATO20234779045;-200000,00;;54795849,40;DBTO CREDIN;;0535;BUSSINESS SERVER;;0000003100088195645361;;;LEONARDO MARIO CALIO;CUIT;0020234779045
20/03/2026;990;DEBITO INMEDIATO27344954009;-710621,88;;54995849,40;DBTO CREDIN;;0535;BUSSINESS SERVER;PATAGONIA SUDAMERIS SA;0340026508269998761007;;;YAMILA, FLORENCIA AG;CUIT;0027344954009
20/03/2026;990;DEBITO INMEDIATO20309265085;-714889,70;;55706471,28;DBTO CREDIN;;0535;BUSSINESS SERVER;;0000003100004970475787;;;DAMIAN ARIEL DIANA;CUIT;0020309265085
20/03/2026;990;DEBITO INMEDIATO20288809756;-2185976,80;;56421360,98;DBTO CREDIN;;0535;BUSSINESS SERVER;DE LA NACION ARGENTINA;0110553730055317417901;;;YOSIA PABLO ADRIAN;CUIT;0020288809756
20/03/2026;990;DEBITO INMEDIATO20345394339;-420814,73;;58607337,78;DBTO CREDIN;;0535;BUSSINESS SERVER;DE GALICIA Y BS AS;0070188030004019891919;;;GOITIA SALAZAR SERGIO FROILAN;CUIT;0020345394339
20/03/2026;990;DEBITO INMEDIATO20292160225;-580190,00;;59028152,51;DBTO CREDIN;;0535;BUSSINESS SERVER;BBVA;0170013840000006196914;;;AGUILAR ROBERTO CA;CUIT;0020292160225
20/03/2026;990;TRANSF CONNBKG;-60500,00;;59608342,51;0108761;;0187;DATANET;SANTANDER RIO;0720413920000000045386;;;PINTO RUBEN DANIEL;CUIT;0020165439849
20/03/2026;944;TRANS PAG PROV;;12825624,73;59668842,51;3474500;;0187;DATANET;DE GALICIA Y BS AS;0070188020000003057731;;;ENVIO POSTAL SA;CUIT;0030677857516
20/03/2026;944;TRANS PAG PROV;;4271342,77;46843217,78;4088418;;0187;DATANET;SANTANDER RIO;0720051920000002140522;;;MILLANA TRANSPOR;CUIT;0030718295706
20/03/2026;795;TRANSF. E/BCOS-ONLINE;;35200000,00;42571875,01;TEBB0000;;0171;ATM DEL EXTERIOR;;00020003969759;;;LOGISTICA ARGENTINA S R L;CUIT;0030717060985
20/03/2026;276;R/RECAUDACION IB SIRCREB CONV.;-144582,07;;7371875,01;Z N00079001200;;0535;PROCESO BATCH
20/03/2026;260;IMP S/CRED CT;-72291,03;;7516457,08;2;;0535;PROCESO BATCH
20/03/2026;259;IMP S/DEB CT;-45935,38;;7588748,11;2;;0535;PROCESO BATCH
19/03/2026;990;DEBITO INMEDIATO27307604723;-332002,80;;7634683,49;DBTO CREDIN;;0535;BUSSINESS SERVER;MACRO;2850600140083000608465;;;MARENGO MARIA NOELIA;CUIT;0027307604723
19/03/2026;990;DEBITO INMEDIATO20396897661;-343485,99;;7966686,29;DBTO CREDIN;;0535;BUSSINESS SERVER;DE GALICIA Y BS AS;0070227230004005528104;;;CANEVARI GALO RAMIRO MANUEL;CUIT;0020396897661
19/03/2026;990;DEBITO INMEDIATO27260311404;-1181530,00;;8310172,28;DBTO CREDIN;;0535;BUSSINESS SERVER;BRUBANK S.A.U.;1430001713014180850010;;;BLANCO IRENE MARGARITA;CUIT;0027260311404
19/03/2026;990;DEBITO INMEDIATO23350222529;-333260,61;;9491702,28;DBTO CREDIN;;0535;BUSSINESS SERVER;DE GALICIA Y BS AS;0070233330004031451102;;;DI LORENZO SEBASTIAN CELSO;CUIT;0023350222529
19/03/2026;990;DEBITO INMEDIATO23326523879;-463194,26;;9824962,89;DBTO CREDIN;;0535;BUSSINESS SERVER;DE LA NACION ARGENTINA;0110280430028019377879;;;MONLA PASUT EXEQUIEL ORLANDO;CUIT;0023326523879
19/03/2026;944;TRANS PAG PROV;;12048505,79;10288157,15;7434304;;0187;DATANET;DE GALICIA Y BS AS;0070068920000000544951;;;LOGINTER SA;CUIT;0030687280438
19/03/2026;870;Compra / Venta de Titulo;-4954883,33;;-1760348,64;;;0067;FPA
19/03/2026;795;TRANSF. E/BCOS-ONLINE;;1500000,00;3194534,69;TEBB0000;;0171;ATM DEL EXTERIOR;;00020003969759;;;LOGISTICA ARGENTINA S R L;CUIT;0030717060985
19/03/2026;208;IVA RG 2408;-435,00;;1694534,69;;;0535;PROCESO BATCH
19/03/2026;206;I V A;-3045,00;;1694969,69;;;0535;PROCESO BATCH
19/03/2026;020;COM B@C TRF.ABIERTA INTER;-14500,00;;1698014,69;COM B C TRF.AB;;0535;PROCESO BATCH
19/03/2026;276;R/RECAUDACION IB SIRCREB CONV.;-29559,12;;1712514,69;Z N00079001200;;0535;PROCESO BATCH
19/03/2026;260;IMP S/CRED CT;-14779,56;;1742073,81;2;;0535;PROCESO BATCH
19/03/2026;259;IMP S/DEB CT;-308344,21;;1756853,37;2;;0535;PROCESO BATCH
18/03/2026;990;DEBITO INMEDIATO30716010917;-7850950,00;;2065197,58;DBTO CREDIN;;0535;BUSSINESS SERVER;DE GALICIA Y BS AS;0070077120000012844755;;;ALBO DISTRIBUCIONES;CUIT;30716010917
18/03/2026;990;DEBITO INMEDIATO30716010917;-8337630,84;;9916147,58;DBTO CREDIN;;0535;BUSSINESS SERVER;DE GALICIA Y BS AS;0070077120000012844755;;;ALBO DISTRIBUCIONES;CUIT;30716010917
18/03/2026;990;DEBITO INMEDIATO30716010917;-8678827,85;;18253778,42;DBTO CREDIN;;0535;BUSSINESS SERVER;DE GALICIA Y BS AS;0070077120000012844755;;;ALBO DISTRIBUCIONES;CUIT;30716010917
18/03/2026;795;TRANSF. E/BCOS-ONLINE;;22000000,00;26932606,27;TEBB0000;;0171;ATM DEL EXTERIOR;;00020003969759;;;LOGISTICA ARGENTINA S R L;CUIT;0030717060985
18/03/2026;990;DEBITO INMEDIATO20243197539;-139787,20;;4932606,27;DBTO CREDIN;;0535;BUSSINESS SERVER;NARANJA X;4530000800013340777996;;;NELSON DANIEL GARAY;CUIT;20243197539
18/03/2026;990;DEBITO INMEDIATO27236975415;-667938,75;;5072393,47;DBTO CREDIN;;0535;BUSSINESS SERVER
18/03/2026;990;DEBITO INMEDIATO20330308746;-971617,90;;5740332,22;DBTO CREDIN;;0535;BUSSINESS SERVER;SANTANDER RIO
18/03/2026;990;DEBITO INMEDIATO20414106782;-752710,32;;6711950,12;DBTO CREDIN;;0535;BUSSINESS SERVER;BBVA
18/03/2026;990;DEBITO INMEDIATO20413659974;-2227805,00;;7464660,44;DBTO CREDIN;;0535;BUSSINESS SERVER
18/03/2026;990;DEBITO INMEDIATO27175521726;-697594,40;;9692465,44;DBTO CREDIN;;0535;BUSSINESS SERVER;NUEVO BANCO DE ENTRE RIOS S.A.
18/03/2026;990;DEBITO INMEDIATO20285336989;-809265,32;;10390059,84;DBTO CREDIN;;0535;BUSSINESS SERVER;DE LA NACION ARGENTINA
18/03/2026;990;DEBITO INMEDIATO20331303179;-482647,25;;11199325,16;DBTO CREDIN;;0535;BUSSINESS SERVER;BBVA
18/03/2026;990;DEBITO INMEDIATO20333025214;-1014990,00;;11681972,41;DBTO CREDIN;;0535;BUSSINESS SERVER;DE GALICIA Y BS AS;0070124830004168485117;;;IVAN EZEQUIEL MANCHARIS;CUIT;20333025214
18/03/2026;990;TR.3367811  A 0517/01120690/14;-1623285,08;;12696962,41;MTA00000000013;;0187;DATANET;ICBC;0150517701000120690146;;;JORGE LUIS HOROT;CUIT;0020144967497
18/03/2026;990;DEBITO INMEDIATO30718180879;-4622411,80;;14320247,49;DBTO CREDIN;;0535;BUSSINESS SERVER;MUNICIPAL DE ROSARIO
18/03/2026;990;DEBITO INMEDIATO23324332804;-892938,00;;18942659,29;DBTO CREDIN;;0535;BUSSINESS SERVER;DE LA NACION ARGENTINA
18/03/2026;990;DEBITO INMEDIATO27322473201;-642850,72;;19835597,29;DBTO CREDIN;;0535;BUSSINESS SERVER;CREDICOOP COOP LTDO
18/03/2026;990;DEBITO INMEDIATO20188204806;-571346,04;;20478448,01;DBTO CREDIN;;0535;BUSSINESS SERVER;NUEVO BCO DEL CHACO
18/03/2026;990;DEBITO INMEDIATO27357213571;-179563,44;;21049794,05;DBTO CREDIN;;0535;BUSSINESS SERVER;DE LA NACION ARGENTINA
18/03/2026;990;DEBITO INMEDIATO20465869896;-865762,65;;21229357,49;DBTO CREDIN;;0535;BUSSINESS SERVER;SANTANDER RIO
18/03/2026;990;DEBITO INMEDIATO20408232008;-194442,00;;22095120,14;DBTO CREDIN;;0535;BUSSINESS SERVER;DE LA NACION ARGENTINA
18/03/2026;990;DEBITO INMEDIATO20278037399;-759366,34;;22289562,14;DBTO CREDIN;;0535;BUSSINESS SERVER
18/03/2026;990;DEBITO INMEDIATO20281269136;-231000,00;;23048928,48;DBTO CREDIN;;0535;BUSSINESS SERVER;DE LA NACION ARGENTINA
18/03/2026;990;DEBITO INMEDIATO20355479278;-578162,56;;23279928,48;DBTO CREDIN;;0535;BUSSINESS SERVER;;0000003100023349814257;;;SILVERIO EMANUEL LIZARRAGA;CUIT;20355479278
18/03/2026;990;DEBITO INMEDIATO20303571338;-587103,36;;23858091,04;DBTO CREDIN;;0535;BUSSINESS SERVER
18/03/2026;990;DEBITO INMEDIATO27943460774;-1322365,00;;24445194,40;DBTO CREDIN;;0535;BUSSINESS SERVER;DE LA NACION ARGENTINA
18/03/2026;990;DEBITO INMEDIATO20336200726;-3065375,25;;25767559,40;DBTO CREDIN;;0535;BUSSINESS SERVER
18/03/2026;990;DEBITO INMEDIATO20274929775;-361833,57;;28832934,65;DBTO CREDIN;;0535;BUSSINESS SERVER;MACRO;2850857140094877104848;;;CRISTIAN ALFREDO ZEBALLO;CUIT;20274929775
18/03/2026;990;DEBITO INMEDIATO27333931872;-903852,00;;29194768,22;DBTO CREDIN;;0535;BUSSINESS SERVER
18/03/2026;990;DEBITO INMEDIATO27375773223;-689418,89;;30098620,22;DBTO CREDIN;;0535;BUSSINESS SERVER;DE GALICIA Y BS AS
18/03/2026;990;DEBITO INMEDIATO23146609074;-508604,05;;30788039,11;DBTO CREDIN;;0535;BUSSINESS SERVER;DE LA NACION ARGENTINA
18/03/2026;944;TRANS PAG PROV;;2463259,92;31296643,16;3281984;;0187;DATANET;DE GALICIA Y BS AS;0070126220000003023279;;;RIUNOR SAU;CUIT;0030707543155
18/03/2026;795;TRANSF. E/BCOS-ONLINE;;15600000,00;28833383,24;TEBB0000;;0171;ATM DEL EXTERIOR;;00020003969759;;;LOGISTICA ARGENTINA S R L;CUIT;0030717060985
18/03/2026;260;IMP S/CRED CT;-79628,73;;13233383,24;2;;0535;PROCESO BATCH
18/03/2026;259;IMP S/DEB CT;-298,89;;13313011,97;2;;0535;PROCESO BATCH
18/03/2026;276;R/RECAUDACION IB SIRCREB CONV.;-159257,46;;13313310,86;Z N00079001200;;0535;PROCESO BATCH
17/03/2026;944;TRANS PAG PROV;;13271455,14;13472568,32;7081443;;0187;DATANET;DE GALICIA Y BS AS;0070068920000000544951;;;LOGINTER SA;CUIT;0030687280438
17/03/2026;208;IVA RG 2408;-705,00;;201113,18;;;0535;PROCESO BATCH
17/03/2026;206;I V A;-4935,00;;201818,18;;;0535;PROCESO BATCH
17/03/2026;020;COM MPAY TRF ABIERTA INTER;-23500,00;;206753,18;COM MPAY TRF A;;0535;PROCESO BATCH
17/03/2026;260;IMP S/CRED CT;-10337,68;;230253,18;2;;0535;PROCESO BATCH
17/03/2026;259;IMP S/DEB CT;-511893,26;;240590,86;2;;0535;PROCESO BATCH
17/03/2026;276;R/RECAUDACION IB SIRCREB CONV.;-20675,37;;752484,12;Z N00079001200;;0535;PROCESO BATCH
16/03/2026;858;PAGO AFIP 30717060985;-13917904,22;;773159,49;R5321V60607100;;0167;PROCESO BATCH
16/03/2026;858;PAGO AFIP 30717060985;-8444284,39;;14691063,71;R5321V35483600;;0167;PROCESO BATCH
16/03/2026;858;PAGO AFIP 30717060985;-6607862,68;;23135348,10;R5321V24545100;;0167;PROCESO BATCH
16/03/2026;858;PAGO AFIP 30717060985;-7426042,04;;29743210,78;R5321V15599500;;0167;PROCESO BATCH
16/03/2026;858;PAGO AFIP 30717060985;-5245230,86;;37169252,82;R5321V03056500;;0167;PROCESO BATCH
16/03/2026;858;PAGO AFIP 30717060985;-3991501,46;;42414483,68;R5321U95744800;;0167;PROCESO BATCH
16/03/2026;795;TRANSF. E/BCOS-ONLINE;;45700000,00;46405985,14;TEBB0000;;0171;ATM DEL EXTERIOR;;00020003969759;;;LOGISTICA ARGENTINA S R L;CUIT;0030717060985
16/03/2026;990;DEBITO INMEDIATO20334685358;-448002,99;;705985,14;DBTO CREDIN;;0535;BUSSINESS SERVER;MACRO
16/03/2026;990;DEBITO INMEDIATO20257029574;-194268,08;;1153988,13;DBTO CREDIN;;0535;BUSSINESS SERVER;NUEVO BCO DEL CHACO;3110001211000015190040;;;LEANDRO ADRIAN MARTINEZ;CUIT;20257029574
16/03/2026;990;DEBITO INMEDIATO20299917828;-169087,41;;1348256,21;DBTO CREDIN;;0535;BUSSINESS SERVER;DE LA NACION ARGENTINA
16/03/2026;990;DEBITO INMEDIATO20279153309;-107095,29;;1517343,62;DBTO CREDIN;;0535;BUSSINESS SERVER;DE GALICIA Y BS AS;0070046720000009245688;;;MATIAS IGNACIO LACUNZA;CUIT;20279153309
16/03/2026;990;DEBITO INMEDIATO20305964965;-459623,17;;1624438,91;DBTO CREDIN;;0535;BUSSINESS SERVER;DE LA NACION ARGENTINA
16/03/2026;990;DEBITO INMEDIATO20208227042;-603922,09;;2084062,08;DBTO CREDIN;;0535;BUSSINESS SERVER
16/03/2026;990;DEBITO INMEDIATO20236221882;-507733,12;;2687984,17;DBTO CREDIN;;0535;BUSSINESS SERVER;PROVINCIA DE BS AS
16/03/2026;990;DEBITO INMEDIATO27300598981;-158477,75;;3195717,29;DBTO CREDIN;;0535;BUSSINESS SERVER
16/03/2026;990;DEBITO INMEDIATO20344534595;-415652,58;;3354195,04;DBTO CREDIN;;0535;BUSSINESS SERVER;DE GALICIA Y BS AS
16/03/2026;990;DEBITO INMEDIATO20138544673;-357651,19;;3769847,62;DBTO CREDIN;;0535;BUSSINESS SERVER;SANTANDER RIO;0720174188000038807354;;;JORGE ALBERTO ERBETTA;CUIT;20138544673
16/03/2026;990;DEBITO INMEDIATO20377975716;-242342,28;;4127498,81;DBTO CREDIN;;0535;BUSSINESS SERVER
16/03/2026;990;DEBITO INMEDIATO20166813000;-678149,37;;4369841,09;DBTO CREDIN;;0535;BUSSINESS SERVER;BBVA
16/03/2026;990;DEBITO INMEDIATO20118990685;-398391,85;;5047990,46;DBTO CREDIN;;0535;BUSSINESS SERVER;NUEVO BCO DEL CHACO
16/03/2026;990;DEBITO INMEDIATO27313266074;-311476,00;;5446382,31;DBTO CREDIN;;0535;BUSSINESS SERVER;DE GALICIA Y BS AS
16/03/2026;990;DEBITO INMEDIATO23360548139;-69215,42;;5757858,31;DBTO CREDIN;;0535;BUSSINESS SERVER;SANTANDER RIO
16/03/2026;990;DEBITO INMEDIATO27321853779;-468179,49;;5827073,73;DBTO CREDIN;;0535;BUSSINESS SERVER;MACRO
16/03/2026;990;DEBITO INMEDIATO27438588359;-537710,78;;6295253,22;DBTO CREDIN;;0535;BUSSINESS SERVER;DE GALICIA Y BS AS
16/03/2026;990;DEBITO INMEDIATO27313266074;-624962,00;;6832964,00;DBTO CREDIN;;0535;BUSSINESS SERVER;DE GALICIA Y BS AS
16/03/2026;990;DEBITO INMEDIATO20325666065;-22818,04;;7457926,00;DBTO CREDIN;;0535;BUSSINESS SERVER
16/03/2026;990;DEBITO INMEDIATO20304192780;-608860,07;;7480744,04;DBTO CREDIN;;0535;BUSSINESS SERVER;DE LA NACION ARGENTINA
16/03/2026;990;DEBITO INMEDIATO20337249702;-141272,65;;8089604,11;DBTO CREDIN;;0535;BUSSINESS SERVER;NUEVO BCO DEL CHACO
16/03/2026;990;DEBITO INMEDIATO20330441950;-169421,66;;8230876,76;DBTO CREDIN;;0535;BUSSINESS SERVER;DE GALICIA Y BS AS
16/03/2026;990;DEBITO INMEDIATO27319953480;-394528,55;;8400298,42;DBTO CREDIN;;0535;BUSSINESS SERVER;NARANJA X
16/03/2026;990;DEBITO INMEDIATO20363533109;-574754,33;;8794826,97;DBTO CREDIN;;0535;BUSSINESS SERVER;PROVINCIA DE BS AS
16/03/2026;990;DEBITO INMEDIATO20299917828;-176069,17;;9369581,30;DBTO CREDIN;;0535;BUSSINESS SERVER;DE LA NACION ARGENTINA
16/03/2026;990;DEBITO INMEDIATO20214288584;-587069,36;;9545650,47;DBTO CREDIN;;0535;BUSSINESS SERVER;DE LA PAMPA
16/03/2026;990;TR.3337601  A 0539/01131358/58;-425685,83;;10132719,83;MTA00000000013;;0187;DATANET;ICBC;0150539901000131358581;;;FABIO DOMINGO GOMEZ;CUIT;0020176730820
16/03/2026;807;PAGO AMEX;-6770904,90;;10558405,66;BEBS0000;;0171;HOME BANKING
16/03/2026;807;PAGO IMP.AFIP;-2320933,37;;17329310,56;BEBS0000;;0171;HOME BANKING
16/03/2026;990;DEBITO INMEDIATO20366759949;-800000,00;;19650243,93;DBTO CREDIN;;0535;BUSSINESS SERVER
16/03/2026;795;TRANSF. E/BCOS-ONLINE;;7616331,00;20450243,93;TEBB0000;;0171;ATM DEL EXTERIOR;;00020003969759;;;LOGISTICA ARGENTINA S R L;CUIT;0030717060985
16/03/2026;944;TRANS PAG PROV;;1722947,41;12833912,93;6876422;;0187;DATANET;SUPERVIELLE;0270100010045573490039;;;OCA LOG  S A;CUIT;0030717024393
16/03/2026;990;DEBITO INMEDIATO23404241443;-1043294,89;;11110965,52;DBTO CREDIN;;0535;BUSSINESS SERVER;NARANJA X
16/03/2026;990;DEBITO INMEDIATO27272288696;-1268083,13;;12154260,41;DBTO CREDIN;;0535;BUSSINESS SERVER
16/03/2026;990;DEBITO INMEDIATO20401009206;-1193775,53;;13422343,54;DBTO CREDIN;;0535;BUSSINESS SERVER
16/03/2026;990;DEBITO INMEDIATO20251348317;-1054803,53;;14616119,07;DBTO CREDIN;;0535;BUSSINESS SERVER;;0000003100091524966408;;;MARCOS ANTONIO OLIVA RIQUELME;CUIT;20251348317
16/03/2026;990;DEBITO INMEDIATO20259500789;-922322,11;;15670922,60;DBTO CREDIN;;0535;BUSSINESS SERVER
16/03/2026;990;TRANSF CONNBKG;-2127914,66;;16593244,71;0107475;;0187;DATANET;PROVINCIA DE BS AS;0140437503620650554156;;;LAURA DANIELA,ALIOTO;CUIT;0027247208130
16/03/2026;990;TRANSF CONNBKG;-1222855,46;;18721159,37;0107474;;0187;DATANET;BBVA;0170151340000006175155;;;BOH GLADYS NOE;CUIT;0027238204408
16/03/2026;990;TRANSF CONNBKG;-1616632,99;;19944014,83;0107473;;0187;DATANET;PATAGONIA SUDAMERIS SA;0340333208333020788002;;;SANCHEZ, DAMIAN DE J;CUIT;0020277706718
16/03/2026;990;TRANSF CONNBKG;-982292,79;;21560647,82;0107471;;0187;DATANET;PROVINCIA DE BS AS;0140437503620655627833;;;DANTE ARIEL,LENCINA;CUIT;0020294470744
16/03/2026;990;TRANSF CONNBKG;-870709,80;;22542940,61;0107470;;0187;DATANET;DE GALICIA Y BS AS;0070129330004895638343;;;ALBARRAN MARCELO Y O MORALES;CUIT;0020261443962
16/03/2026;990;TRANSF CONNBKG;-905474,15;;23413650,41;0107469;;0187;DATANET;BRUBANK S.A.U.;1430001713013842870018;;;AGUILAR LEANDRO JAVIER;CUIT;0020201481873
16/03/2026;990;TRANSF CONNBKG;-987144,77;;24319124,56;0107468;;0187;DATANET;BBVA;0170207340000033636137;;;HOSENEN MAURICIO;CUIT;0020440240063
16/03/2026;990;TRANSF CONNBKG;-755161,47;;25306269,33;0107467;;0187;DATANET;CIUDAD DE BS AS;0290000110000670361493;;;TARENCO CARLOS GABRIEL;CUIT;0020338060883
16/03/2026;990;TRANSF CONNBKG;-692287,75;;26061430,80;0107466;;0187;DATANET;DE LA PAMPA;0930300121500096558364;;;SANCHEZ NOEMI ALICIA;CUIT;0027201064266
16/03/2026;990;TRANSF CONNBKG;-902830,35;;26753718,55;0107465;;0187;DATANET;PROV CORDOBA;0200315111000007537444;;;VERA, MAXIMILIANO JOAQUIN;CUIT;0020388309335
16/03/2026;990;TRANSF CONNBKG;-970205,75;;27656548,90;0107464;;0187;DATANET;DE LA NACION ARGENTINA;0110277430027712888233;;;MARTOS MARCOS LEONEL;CUIT;0020343993154
16/03/2026;990;TRANSF CONNBKG;-685543,00;;28626754,65;0107463;;0187;DATANET;DE LA NACION ARGENTINA;0110548330054816258729;;;VERA KARINA ELIZABETH;CUIT;0027321907593
16/03/2026;990;TRANSF CONNBKG;-933744,76;;29312297,65;0107462;;0187;DATANET;DE GALICIA Y BS AS;0070079530004056306410;;;HERZOG NICOLAS;CUIT;0020260726448
16/03/2026;990;TRANSF CONNBKG;-730741,78;;30246042,41;0107461;;0187;DATANET;DE GALICIA Y BS AS;0070040530004090553449;;;RODRIGUEZ RICARDO JAVIER;CUIT;0020238120390
16/03/2026;990;DEBITO INMEDIATO20369486307;-35000,00;;30976784,19;DBTO CREDIN;;0535;BUSSINESS SERVER
16/03/2026;795;TRANSF. E/BCOS-ONLINE;;26878550,00;31011784,19;TEBB0000;;0171;ATM DEL EXTERIOR;;00020003969759;;;LOGISTICA ARGENTINA S R L;CUIT;0030717060985
16/03/2026;260;IMP S/CRED CT;-18817,72;;4133234,19;2;;0535;PROCESO BATCH
16/03/2026;259;IMP S/DEB CT;-48,36;;4152051,91;2;;0535;PROCESO BATCH
16/03/2026;276;R/RECAUDACION IB SIRCREB CONV.;-37635,44;;4152100,27;Z N00079001200;;0535;PROCESO BATCH
13/03/2026;944;TRANS PAG PROV;;3136286,92;4189735,71;4035921;;0187;DATANET;SANTANDER RIO;0720051920000002140522;;;MILLANA TRANSPOR;CUIT;0030718295706
13/03/2026;208;IVA RG 2408;-195,00;;1053448,79;;;0535;PROCESO BATCH
13/03/2026;206;I V A;-1365,00;;1053643,79;;;0535;PROCESO BATCH
13/03/2026;020;COM B@C TRF.ABIERTA INTER;-6500,00;;1055008,79;COM B C TRF.AB;;0535;PROCESO BATCH
13/03/2026;259;IMP S/DEB CT;-52040,64;;1061508,79;2;;0535;PROCESO BATCH
12/03/2026;990;DEBITO INMEDIATO20390713348;-227363,15;;1113549,43;DBTO CREDIN;;0535;BUSSINESS SERVER
12/03/2026;990;DEBITO INMEDIATO23181292059;-433483,39;;1340912,58;DBTO CREDIN;;0535;BUSSINESS SERVER;PROVINCIA DE BS AS
12/03/2026;990;DEBITO INMEDIATO20322287500;-444871,44;;1774395,97;DBTO CREDIN;;0535;BUSSINESS SERVER;BBVA
12/03/2026;990;DEBITO INMEDIATO27134219586;-2920780,76;;2219267,41;DBTO CREDIN;;0535;BUSSINESS SERVER;DE GALICIA Y BS AS;0070749930004000642414;;;LINDA ELENA REM;CUIT;27134219586
12/03/2026;990;DEBITO INMEDIATO20294021702;-212380,29;;5140048,17;DBTO CREDIN;;0535;BUSSINESS SERVER;CREDICOOP COOP LTDO
12/03/2026;990;DEBITO INMEDIATO20474449220;-256014,28;;5352428,46;DBTO CREDIN;;0535;BUSSINESS SERVER;;0000003100077866242709;;;RODR POBLETE OVIEDO;CUIT;20474449220
12/03/2026;990;DEBITO INMEDIATO20369832078;-92636,70;;5608442,74;DBTO CREDIN;;0535;BUSSINESS SERVER;BRUBANK S.A.U.
12/03/2026;990;DEBITO INMEDIATO20452648947;-1096940,83;;5701079,44;DBTO CREDIN;;0535;BUSSINESS SERVER;MACRO
12/03/2026;990;DEBITO INMEDIATO20294021702;-433483,40;;6798020,27;DBTO CREDIN;;0535;BUSSINESS SERVER;CREDICOOP COOP LTDO
12/03/2026;990;DEBITO INMEDIATO27357030833;-849017,94;;7231503,67;DBTO CREDIN;;0535;BUSSINESS SERVER;DE GALICIA Y BS AS
12/03/2026;990;DEBITO INMEDIATO20319114816;-277092,68;;8080521,61;DBTO CREDIN;;0535;BUSSINESS SERVER;BBVA;0170330440000044873930;;;JAVIER FERNANDO SAINZ;CUIT;20319114816
12/03/2026;990;DEBITO INMEDIATO20260882059;-200000,00;;8357614,29;DBTO CREDIN;;0535;BUSSINESS SERVER;HIPOTECARIO NACIONAL
12/03/2026;990;DEBITO INMEDIATO20345948083;-1220694,32;;8557614,29;DBTO CREDIN;;0535;BUSSINESS SERVER;SANTANDER RIO
12/03/2026;795;TRANSF. E/BCOS-ONLINE;;7322000,00;9778308,61;TEBB0000;;0171;ATM DEL EXTERIOR;;00020003969759;;;LOGISTICA ARGENTINA S R L;CUIT;0030717060985
12/03/2026;208;IVA RG 2408;-210,00;;2456308,61;;;0535;PROCESO BATCH
12/03/2026;206;I V A;-1470,00;;2456518,61;;;0535;PROCESO BATCH
12/03/2026;020;COM B@C TRF.ABIERTA INTER;-7000,00;;2457988,61;COM B C TRF.AB;;0535;PROCESO BATCH
12/03/2026;259;IMP S/DEB CT;-271,91;;2464988,61;2;;0535;PROCESO BATCH
11/03/2026;208;IVA RG 2408;-210,00;;2465260,52;;;0535;PROCESO BATCH
11/03/2026;206;I V A;-1470,00;;2465470,52;;;0535;PROCESO BATCH
11/03/2026;020;COM MPAY TRF ABIERTA INTER;-7000,00;;2466940,52;COM MPAY TRF A;;0535;PROCESO BATCH
11/03/2026;260;IMP S/CRED CT;-18319,38;;2473940,52;2;;0535;PROCESO BATCH
11/03/2026;259;IMP S/DEB CT;-277186,94;;2492259,90;2;;0535;PROCESO BATCH
11/03/2026;276;R/RECAUDACION IB SIRCREB CONV.;-36638,76;;2769446,84;Z N00079001200;;0535;PROCESO BATCH
10/03/2026;858;PAGO SAN CRISTO 30035710000000;-201456,00;;2806085,60;SAN CRISTOBAL;;0167;PROCESO BATCH
10/03/2026;858;PAGO LA SEGUNDA 00440045597407;-88698,62;;3007541,60;45597407 00;;0167;PROCESO BATCH
10/03/2026;858;PAGO LA SEGUNDA 00040067743063;-1175099,21;;3096240,22;67743063 00;;0167;PROCESO BATCH
10/03/2026;858;PAGO VISA U$S;-1039260,74;;4271339,43;VISA1157715551;;0221;PROCESO BATCH
10/03/2026;858;PAGO VISA $;-2593747,65;;5310600,17;VISA1157715551;;0221;PROCESO BATCH
10/03/2026;990;DEBITO INMEDIATO20315711208;-2189627,75;;7904347,82;DBTO CREDIN;;0535;BUSSINESS SERVER;SANTANDER RIO
10/03/2026;990;DEBITO INMEDIATO27260059152;-193927,81;;10093975,57;DBTO CREDIN;;0535;BUSSINESS SERVER;SANTANDER RIO;0720277588000037617154;;;ELISABET JUDITH ESPINOSA;CUIT;27260059152
10/03/2026;990;DEBITO INMEDIATO20243197539;-129833,08;;10287903,38;DBTO CREDIN;;0535;BUSSINESS SERVER;NARANJA X;4530000800013340777996;;;NELSON DANIEL GARAY;CUIT;20243197539
10/03/2026;990;DEBITO INMEDIATO27250797074;-1022781,51;;10417736,46;DBTO CREDIN;;0535;BUSSINESS SERVER;;0000076500000040710569;;;ANALIA VERONICA JAIMES;CUIT;27250797074
10/03/2026;990;DEBITO INMEDIATO23220917649;-191508,82;;11440517,97;DBTO CREDIN;;0535;BUSSINESS SERVER;DE LA NACION ARGENTINA
10/03/2026;990;DEBITO INMEDIATO20321256466;-450743,09;;11632026,79;DBTO CREDIN;;0535;BUSSINESS SERVER;BBVA
10/03/2026;990;DEBITO INMEDIATO20287622237;-95152,20;;12082769,88;DBTO CREDIN;;0535;BUSSINESS SERVER
10/03/2026;990;DEBITO INMEDIATO20238891532;-1837328,71;;12177922,08;DBTO CREDIN;;0535;BUSSINESS SERVER
10/03/2026;990;DEBITO INMEDIATO20263562195;-1881483,71;;14015250,79;DBTO CREDIN;;0535;BUSSINESS SERVER
10/03/2026;990;DEBITO INMEDIATO20329205887;-1040659,87;;15896734,50;DBTO CREDIN;;0535;BUSSINESS SERVER
10/03/2026;990;DEBITO INMEDIATO30716860015;-2359500,00;;16937394,37;DBTO CREDIN;;0535;BUSSINESS SERVER;SANTANDER RIO
10/03/2026;807;PAGO IMP.AFIP;-2452945,68;;19296894,37;BEBS0000;;0171;HOME BANKING
10/03/2026;990;DEBITO INMEDIATO27438588359;-200000,00;;21749840,05;DBTO CREDIN;;0535;BUSSINESS SERVER;DE GALICIA Y BS AS
10/03/2026;990;DEBITO INMEDIATO30716010917;-6540900,30;;21949840,05;DBTO CREDIN;;0535;BUSSINESS SERVER;DE GALICIA Y BS AS;0070077120000012844755;;;ALBO DISTRIBUCIONES;CUIT;30716010917
10/03/2026;990;DEBITO INMEDIATO30716010917;-7812934,37;;28490740,35;DBTO CREDIN;;0535;BUSSINESS SERVER;DE GALICIA Y BS AS;0070077120000012844755;;;ALBO DISTRIBUCIONES;CUIT;30716010917
10/03/2026;795;TRANSF. E/BCOS-ONLINE;;18731000,00;36303674,72;TEBB0000;;0171;ATM DEL EXTERIOR;;00020003969759;;;LOGISTICA ARGENTINA S R L;CUIT;0030717060985
10/03/2026;944;TRANS PAG PROV;;3053229,65;17572674,72;6119274;;0187;DATANET;DE GALICIA Y BS AS;0070068920000000544951;;;LOGINTER SA;CUIT;0030687280438
10/03/2026;990;DEBITO INMEDIATO20296864499;-921636,65;;14519445,07;DBTO CREDIN;;0535;BUSSINESS SERVER
10/03/2026;990;DEBITO INMEDIATO20335254504;-465780,53;;15441081,72;DBTO CREDIN;;0535;BUSSINESS SERVER
10/03/2026;990;DEBITO INMEDIATO20283353444;-1471165,58;;15906862,25;DBTO CREDIN;;0535;BUSSINESS SERVER
10/03/2026;990;DEBITO INMEDIATO27329376589;-912009,00;;17378027,83;DBTO CREDIN;;0535;BUSSINESS SERVER
10/03/2026;990;TRANSF CONNBKG;-610202,85;;18290036,83;0104510;;0187;DATANET;SANTANDER RIO;0720371688000002236168;;;GONZALEZ TOMAS ALEJANDRO;CUIT;0020416559350
10/03/2026;990;DEBITO INMEDIATO27469706023;-931496,98;;18900239,68;DBTO CREDIN;;0535;BUSSINESS SERVER
10/03/2026;990;TRANSF CONNBKG;-1007801,75;;19831736,66;0104509;;0187;DATANET;DE GALICIA Y BS AS;0070704830004001928328;;;SANTARCANGELO LUIS EMANUEL;CUIT;0020317924926
10/03/2026;990;TRANSF CONNBKG;-915778,86;;20839538,41;0104508;;0187;DATANET;DE GALICIA Y BS AS;0070134730004005071721;;;JAEGGI KEVIN JEREMIAS;CUIT;0020468371597
10/03/2026;990;TRANSF CONNBKG;-1574298,38;;21755317,27;0104507;;0187;DATANET;SUPERVIELLE;0270043420057404700038;;;CIZ, ARIEL;CUIT;0020250024674
10/03/2026;990;TRANSF CONNBKG;-82654,48;;23329615,65;0104506;;0187;DATANET;DE LA NACION ARGENTINA;0110882630088201478979;;;SCAROLA FABIANA ANDREA;CUIT;0027185032111
10/03/2026;990;TRANSF CONNBKG;-1628447,74;;23412270,13;0104505;;0187;DATANET;SANTANDER RIO;0720371688000001714586;;;CUELLO NESTOR RUBEN;CUIT;0020171524238
10/03/2026;990;TRANSF CONNBKG;-240590,56;;25040717,87;0104504;;0187;DATANET;CREDICOOP COOP LTDO;1910274855127401799435;;;ARCE JUAN MANUEL;CUIT;0020308089240
10/03/2026;990;TRANSF CONNBKG;-818582,47;;25281308,43;0104503;;0187;DATANET;SANTANDER RIO;0720371688000002236168;;;GONZALEZ TOMAS ALEJANDRO;CUIT;0020416559350
10/03/2026;990;TRANSF CONNBKG;-1119185,48;;26099890,90;0104502;;0187;DATANET;NUEVO BANCO DE SANTA FE S A;3300028020280000842015;;;ACUAVOTTA, ALBERTO MARTIN;CUIT;0020314576390
10/03/2026;795;TRANSF. E/BCOS-ONLINE;;26573782,20;27219076,38;TEBB0000;;0171;ATM DEL EXTERIOR;;00020003969759;;;LOGISTICA ARGENTINA S R L;CUIT;0030717060985
10/03/2026;206;I V A;-105,00;;645294,18;;;0535;PROCESO BATCH
10/03/2026;020;COM B@C TRF.ABIERTA INTER;-500,00;;645399,18;COM B C TRF.AB;;0535;PROCESO BATCH
10/03/2026;259;IMP S/DEB CT;-30911,68;;645899,18;2;;0535;PROCESO BATCH
09/03/2026;858;PAGO PERSONAL 1003271749710001;-21595,28;;676810,86;20260309971000;;0167;PROCESO BATCH
09/03/2026;811;CUOTA PRESTAMO;-4451637,43;;698406,14;0204720603;;0278;PROCESO BATCH
09/03/2026;795;TRANSF. E/BCOS-ONLINE;;4500000,00;5150043,57;TEBB0000;;0171;ATM DEL EXTERIOR;;00020003969759;;;LOGISTICA ARGENTINA S R L;CUIT;0030717060985
09/03/2026;795;TRANSF. E/BCOS-ONLINE;;243000,00;650043,57;TEBB0000;;0171;ATM DEL EXTERIOR;;00020003969759;;;LOGISTICA ARGENTINA S R L;CUIT;0030717060985
09/03/2026;793;CREDITO INMEDIATO;;650000,00;407043,57;DBBS0000;;0171;HOME BANKING;;0000003100022287083251;;;Nestor Ivan Duete;CUIT;0020358619828
09/03/2026;208;IVA RG 2408;-1230,00;;-242956,43;;;0535;PROCESO BATCH
09/03/2026;206;I V A;-8610,00;;-241726,43;;;0535;PROCESO BATCH
09/03/2026;020;COM MPAY TRF ABIERTA INTER;-41000,00;;-233116,43;COM MPAY TRF A;;0535;PROCESO BATCH
09/03/2026;276;R/RECAUDACION IB SIRCREB CONV.;-627874,25;;-192116,43;Z N00079001200;;0535;PROCESO BATCH
09/03/2026;260;IMP S/CRED CT;-313937,13;;435757,82;2;;0535;PROCESO BATCH
09/03/2026;259;IMP S/DEB CT;-665642,57;;749694,95;2;;0535;PROCESO BATCH
06/03/2026;177;DEBITO INMEDIATO30717060985;-34000000,00;;1415337,52;DBTO CREDIN;;0535;BUSSINESS SERVER;BRUBANK S.A.U.;1430001725039697590016;;;LOGISTICA ARGENTINA;CUIT;30717060985
06/03/2026;990;DEBITO INMEDIATO20290129746;-1530451,56;;35415337,52;DBTO CREDIN;;0535;BUSSINESS SERVER;DE LA NACION ARGENTINA;0110429930042992545979;;;JORGE MAURO AUCAR;CUIT;20290129746
06/03/2026;990;DEBITO INMEDIATO27321907593;-976066,39;;36945789,08;DBTO CREDIN;;0535;BUSSINESS SERVER;DE LA NACION ARGENTINA
06/03/2026;990;DEBITO INMEDIATO20448728316;-532702,06;;37921855,47;DBTO CREDIN;;0535;BUSSINESS SERVER;NUEVO BCO DEL SOL
06/03/2026;990;DEBITO INMEDIATO27300598981;-126274,16;;38454557,53;DBTO CREDIN;;0535;BUSSINESS SERVER
06/03/2026;990;DEBITO INMEDIATO20464452150;-537331,25;;38580831,69;DBTO CREDIN;;0535;BUSSINESS SERVER
06/03/2026;990;DEBITO INMEDIATO20118990685;-572590,63;;39118162,94;DBTO CREDIN;;0535;BUSSINESS SERVER;NUEVO BCO DEL CHACO
06/03/2026;990;DEBITO INMEDIATO20464452150;-271199,65;;39690753,57;DBTO CREDIN;;0535;BUSSINESS SERVER
06/03/2026;990;DEBITO INMEDIATO20251348317;-908730,16;;39961953,22;DBTO CREDIN;;0535;BUSSINESS SERVER;;0000003100091524966408;;;MARCOS ANTONIO OLIVA RIQUELME;CUIT;20251348317
06/03/2026;990;DEBITO INMEDIATO20464452150;-557298,60;;40870683,38;DBTO CREDIN;;0535;BUSSINESS SERVER
06/03/2026;990;DEBITO INMEDIATO20210944517;-681321,63;;41427981,98;DBTO CREDIN;;0535;BUSSINESS SERVER
06/03/2026;990;DEBITO INMEDIATO20228611833;-648834,60;;42109303,61;DBTO CREDIN;;0535;BUSSINESS SERVER;PROVINCIA DE BS AS
06/03/2026;990;DEBITO INMEDIATO27261353194;-157097,91;;42758138,21;DBTO CREDIN;;0535;BUSSINESS SERVER;DE LA NACION ARGENTINA;0110140530014034118951;;;VERONICA INES OVIEDO RIVERO;CUIT;27261353194
06/03/2026;990;DEBITO INMEDIATO23257154149;-198690,00;;42915236,12;DBTO CREDIN;;0535;BUSSINESS SERVER;PATAGONIA SUDAMERIS SA
06/03/2026;990;DEBITO INMEDIATO20263562195;-609757,30;;43113926,12;DBTO CREDIN;;0535;BUSSINESS SERVER
06/03/2026;990;DEBITO INMEDIATO20412899351;-88616,70;;43723683,42;DBTO CREDIN;;0535;BUSSINESS SERVER;PROVINCIA DE BS AS
06/03/2026;990;DEBITO INMEDIATO20368662934;-900302,83;;43812300,12;DBTO CREDIN;;0535;BUSSINESS SERVER;DE GALICIA Y BS AS
06/03/2026;990;DEBITO INMEDIATO20309265085;-525258,74;;44712602,95;DBTO CREDIN;;0535;BUSSINESS SERVER
06/03/2026;990;DEBITO INMEDIATO27943460774;-800430,00;;45237861,69;DBTO CREDIN;;0535;BUSSINESS SERVER;DE LA NACION ARGENTINA
06/03/2026;990;DEBITO INMEDIATO20464452150;-210898,00;;46038291,69;DBTO CREDIN;;0535;BUSSINESS SERVER
06/03/2026;944;TRANS PAG PROV;;52322854,39;46249189,69;5694453;;0187;DATANET;MACRO;2850518330094002518121;;;Organizacion Courier Argentin;CUIT;0030662049618
06/03/2026;990;DEBITO INMEDIATO20278037399;-1097821,63;;-6073664,70;DBTO CREDIN;;0535;BUSSINESS SERVER
06/03/2026;990;DEBITO INMEDIATO20355479278;-500219,20;;-4975843,07;DBTO CREDIN;;0535;BUSSINESS SERVER;;0000003100023349814257;;;SILVERIO EMANUEL LIZARRAGA;CUIT;20355479278
06/03/2026;990;DEBITO INMEDIATO20336200726;-2944293,00;;-4475623,87;DBTO CREDIN;;0535;BUSSINESS SERVER
06/03/2026;990;DEBITO INMEDIATO20464452150;-696602,45;;-1531330,87;DBTO CREDIN;;0535;BUSSINESS SERVER
06/03/2026;990;DEBITO INMEDIATO27236975415;-729372,50;;-834728,42;DBTO CREDIN;;0535;BUSSINESS SERVER
06/03/2026;990;DEBITO INMEDIATO20303571338;-583326,40;;-105355,92;DBTO CREDIN;;0535;BUSSINESS SERVER
06/03/2026;990;DEBITO INMEDIATO20413659974;-1787867,90;;477970,48;DBTO CREDIN;;0535;BUSSINESS SERVER
06/03/2026;990;DEBITO INMEDIATO27333931872;-751056,00;;2265838,38;DBTO CREDIN;;0535;BUSSINESS SERVER
06/03/2026;990;DEBITO INMEDIATO20257817491;-537472,65;;3016894,38;DBTO CREDIN;;0535;BUSSINESS SERVER
06/03/2026;990;DEBITO INMEDIATO20458935875;-132485,97;;3554367,03;DBTO CREDIN;;0535;BUSSINESS SERVER
06/03/2026;990;DEBITO INMEDIATO20326651479;-1243944,20;;3686853,00;DBTO CREDIN;;0535;BUSSINESS SERVER
06/03/2026;990;TRANSF CONNBKG;-5845980,00;;4930797,20;0110477;;0187;DATANET;BBVA;0170140740000007222775;;;ANDRADE MARIA CRIS;CUIT;0027215526149
06/03/2026;990;TRANSF CONNBKG;-458014,68;;10776777,20;0110476;;0187;DATANET;MACRO;2850857140094877104848;;;ZEBALLO CRISTIAN ALFREDO;CUIT;0020274929775
06/03/2026;990;TRANSF CONNBKG;-7109935,80;;11234791,88;0110475;;0187;DATANET;MACRO;2850949940004535113019;;;DOMINGUEZ CLAUDIO LEONEL;CUIT;0020280344622
06/03/2026;990;TRANSF CONNBKG;-723182,85;;18344727,68;0110474;;0187;DATANET;SANTANDER RIO;0720292888000036377068;;;BATTAUZ DIEGO ANTONIO;CUIT;0020321885269
06/03/2026;990;DEBITO INMEDIATO27277730745;-696486,00;;19067910,53;DBTO CREDIN;;0535;BUSSINESS SERVER;WILOBANK S.A.
06/03/2026;990;TRANSF CONNBKG;-4674167,29;;19764396,53;0110473;;0187;DATANET;MUNICIPAL DE ROSARIO;0650030601000000266900;;;MEGALOG SRL;CUIT;0030718180879
06/03/2026;990;TRANSF CONNBKG;-209168,79;;24438563,82;0110472;;0187;DATANET;BBVA;0170039840000034720196;;;FLORES MARIA MARC;CUIT;0027230463447
06/03/2026;990;TRANSF CONNBKG;-1798320,71;;24647732,61;0110471;;0187;DATANET;DE LA NACION ARGENTINA;0110280430028019377879;;;MONLA PASUT EXEQUIEL ORLANDO;CUIT;0023326523879
06/03/2026;990;TRANSF CONNBKG;-651143,71;;26446053,32;0110470;;0187;DATANET;BBVA;0170247940000004664349;;;LENIS TOMAS AGUS;CUIT;0020414106782
06/03/2026;990;TRANSF CONNBKG;-834200,45;;27097197,03;0110469;;0187;DATANET;NUEVO BANCO DE ENTRE RIOS S.A.;3860198305000040010923;;;CASSE, NORMA ESTER;CUIT;0027175521726
06/03/2026;990;TRANSF CONNBKG;-5240182,46;;27931397,48;0110468;;0187;DATANET;BBVA;0170039840000034720196;;;FLORES MARIA MARC;CUIT;0027230463447
06/03/2026;990;TRANSF CONNBKG;-138329,63;;33171579,94;0110467;;0187;DATANET;DE LA NACION ARGENTINA;0110066230006606129979;;;DIANA JOAQUIN MANUEL;CUIT;0020448249647
06/03/2026;990;TRANSF CONNBKG;-778934,30;;33309909,57;0110466;;0187;DATANET;SANTANDER RIO;0720576788000001533154;;;SANCHEZ JOSUE ANGEL;CUIT;0020465869896
06/03/2026;990;TRANSF CONNBKG;-4588402,09;;34088843,87;0110465;;0187;DATANET;PATAGONIA SUDAMERIS SA;0340298808298038094003;;;HEREDIA, RUBEN EDUAR;CUIT;0020265544755
06/03/2026;990;TR.3192431  A 0523/01144659/23;-177030,95;;38677245,96;MTA00000000013;;0187;DATANET;ICBC;0150523801000144659233;;;RODRIGO RENE BOBADILLA DAVALO;CUIT;0020362031959
06/03/2026;990;TRANSF CONNBKG;-933487,38;;38854276,91;0110464;;0187;DATANET;SANTANDER RIO;0720173488000037560786;;;DEL BUONO NOHAN;CUIT;0027399776649
06/03/2026;990;TRANSF CONNBKG;-892710,32;;39787764,29;0110463;;0187;DATANET;DE LA NACION ARGENTINA;0110371530037184450001;;;CUELLAR ANABEL YOHANA;CUIT;0027357213571
06/03/2026;990;TRANSF CONNBKG;-377581,98;;40680474,61;0110462;;0187;DATANET;MACRO;2850600140083000608465;;;MARENGO MARIA NOELIA;CUIT;0027307604723
06/03/2026;990;TRANSF CONNBKG;-736700,18;;41058056,59;0110461;;0187;DATANET;DE GALICIA Y BS AS;0070137830004049359760;;;ESCOBAR GODOY JESSICA KA;CUIT;0027190655402
06/03/2026;990;TRANSF CONNBKG;-312928,80;;41794756,77;0110460;;0187;DATANET;DE LA NACION ARGENTINA;0110314230031423068583;;;MENDEZ DIETRICH JOSE MIGUEL;CUIT;0020281591607
06/03/2026;990;TR.3192424  A 0544/01156536/91;-2349045,71;;42107685,57;MTA00000000013;;0187;DATANET;ICBC;0150544301000156536915;;;GUSTAVO ANDRES BOSCH;CUIT;0020210484443
06/03/2026;990;TRANSF CONNBKG;-901990,00;;44456731,28;0110459;;0187;DATANET;DE GALICIA Y BS AS;0070124830004168485117;;;MANCHARIS IVAN EZEQUIEL;CUIT;0020333025214
06/03/2026;990;TRANSF CONNBKG;-1581004,89;;45358721,28;0110458;;0187;DATANET;DE LA NACION ARGENTINA;0110390630039094185783;;;RUEFLI JOSE MARIA I;CUIT;0023268097279
06/03/2026;990;TRANSF CONNBKG;-179174,72;;46939726,17;0110457;;0187;DATANET;DE LA NACION ARGENTINA;0110405330040515015815;;;CORONEL NORA ESTELA;CUIT;0023146609074
06/03/2026;990;TRANSF CONNBKG;-126954,56;;47118900,89;0110456;;0187;DATANET;SANTANDER RIO;0720164288000004654368;;;LEZCANO RODRIGO JOSE;CUIT;0020354670144
06/03/2026;990;TRANSF CONNBKG;-2955140,45;;47245855,45;0110455;;0187;DATANET;SANTANDER RIO;0720292888000036377068;;;BATTAUZ DIEGO ANTONIO;CUIT;0020321885269
06/03/2026;990;TRANSF CONNBKG;-506956,40;;50200995,90;0110454;;0187;DATANET;BBVA;0170212740000033573739;;;LAZZA NICOLAS AL;CUIT;0020331303179
06/03/2026;990;TRANSF CONNBKG;-839736,57;;50707952,30;0110453;;0187;DATANET;DE GALICIA Y BS AS;0070083230004069719272;;;LARDIES LUCAS NAHUEL;CUIT;0020402548992
06/03/2026;990;TR.3192415  A 0969/01009623/78;-6323046,95;;51547688,87;MTA00000000013;;0187;DATANET;ICBC;0150969801000009623784;;;GERMAN RODRIGO BENITEZ;CUIT;0020301020652
06/03/2026;990;TRANSF CONNBKG;-961508,74;;57870735,82;0110452;;0187;DATANET;DE LA NACION ARGENTINA;0110211830021119700901;;;RUEDA GUILLERMO JOSE;CUIT;0020285336989
06/03/2026;990;TRANSF CONNBKG;-1183489,25;;58832244,56;0110451;;0187;DATANET;MACRO;2850349140094970215588;;;BELOTTI DIEGO PABLO;CUIT;0020307667410
06/03/2026;990;TRANSF CONNBKG;-433483,45;;60015733,81;0110450;;0187;DATANET;DE GALICIA Y BS AS;0070082530004092228554;;;PAVEZ MARIELA ALEJANDRA;CUIT;0027248296971
06/03/2026;990;TR.3192411  A 0969/01009623/78;-5036408,83;;60449217,26;MTA00000000013;;0187;DATANET;ICBC;0150969801000009623784;;;GERMAN RODRIGO BENITEZ;CUIT;0020301020652
06/03/2026;990;TRANSF CONNBKG;-454632,32;;65485626,09;0110449;;0187;DATANET;NUEVO BCO DEL CHACO;3110030211003046053009;;;ZORRILLA SANCHEZ FERMIN R;CUIT;0020188204806
06/03/2026;990;TRANSF CONNBKG;-1446330,02;;65940258,41;0110448;;0187;DATANET;DE LA NACION ARGENTINA;0110429930042992545979;;;AUCAR JORGE MAURO;CUIT;0020290129746
06/03/2026;990;DEBITO INMEDIATO20381098878;-1464741,33;;67386588,43;DBTO CREDIN;;0535;BUSSINESS SERVER;NARANJA X
06/03/2026;990;TRANSF CONNBKG;-279775,82;;68851329,76;0110447;;0187;DATANET;BBVA;0170154440000008040844;;;SUAREZ ALVARO SAM;CUIT;0020434274444
06/03/2026;990;TRANSF CONNBKG;-2485227,40;;69131105,58;0110446;;0187;DATANET;CREDICOOP COOP LTDO;1910416455041601886932;;;MONTENEGRO WALTER MARCELO;CUIT;0023219028369
06/03/2026;990;TR.3192406  A 0517/01120690/14;-491268,80;;71616332,98;MTA00000000013;;0187;DATANET;ICBC;0150517701000120690146;;;JORGE LUIS HOROT;CUIT;0020144967497
06/03/2026;990;TRANSF CONNBKG;-3246165,37;;72107601,78;0110445;;0187;DATANET;PATAGONIA SUDAMERIS SA;0340208708208008158008;;;TREJO, MATIAS;CUIT;0020265946942
06/03/2026;990;TRANSF CONNBKG;-2370989,68;;75353767,15;0110444;;0187;DATANET;DE LA PAMPA;0930331520100000115789;;;AHUAD MARIA DEL CARMEN;CUIT;0027176078567
06/03/2026;990;TRANSF CONNBKG;-227724,12;;77724756,83;0110443;;0187;DATANET;DE GALICIA Y BS AS;0070103330004180486312;;;QUINTANA ANABELA KAREN;CUIT;0027375773223
06/03/2026;990;TRANSF CONNBKG;-1390210,50;;77952480,95;0110442;;0187;DATANET;PROV CORDOBA;0200451211000020303530;;;QUINTEROS, ROSANA PATRICIA;CUIT;0027232265448
06/03/2026;990;TRANSF CONNBKG;-119396,48;;79342691,45;0110441;;0187;DATANET;DE GALICIA Y BS AS;0070232630004008431104;;;LOPEZ SERGIO AUGUSTO;CUIT;0020285005060
06/03/2026;990;TRANSF CONNBKG;-1456390,79;;79462087,93;0110439;;0187;DATANET;BANCO DE FORMOSA S A;3150120402001984690016;;;SOLIS BORDON JOHANA;CUIT;0027262913835
06/03/2026;990;TRANSF CONNBKG;-1567675,36;;80918478,72;0110438;;0187;DATANET;DE LA NACION ARGENTINA;0110248430024847148647;;;SCHRODER FERNANDO HERNAN;CUIT;0020380399432
06/03/2026;990;TRANSF CONNBKG;-892938,00;;82486154,08;0110437;;0187;DATANET;DE LA NACION ARGENTINA;0110376030037602268333;;;KONCIMAL DAIANA ABIGAIL;CUIT;0023324332804
06/03/2026;990;TRANSF CONNBKG;-389585,77;;83379092,08;0110436;;0187;DATANET;SANTANDER RIO;0720072488000018932872;;;OLINIKA JUAN ALEJANDRO;CUIT;0020223935835
06/03/2026;990;TRANSF CONNBKG;-2026368,33;;83768677,85;0110435;;0187;DATANET;MACRO;2850409840095496306978;;;ESCUDERO FERNANDO;CUIT;0023204137579
06/03/2026;990;TRANSF CONNBKG;-940818,15;;85795046,18;0110434;;0187;DATANET;MACRO;2850005840094649440428;;;DINTER CARLOS CESAR;CUIT;0020218630724
06/03/2026;990;TRANSF CONNBKG;-2171780,18;;86735864,33;0110433;;0187;DATANET;BBVA;0170330440000044873930;;;SAINZ JAVIER FER;CUIT;0020319114816
06/03/2026;990;TRANSF CONNBKG;-1355354,67;;88907644,51;0110432;;0187;DATANET;DE LA NACION ARGENTINA;0110432930043216647165;;;RUFINO GUILLERMO DANIEL;CUIT;0020309901879
06/03/2026;990;TRANSF CONNBKG;-337711,53;;90262999,18;0110431;;0187;DATANET;HIPOTECARIO NACIONAL;0440017240000230038464;;;CARDOSO PAOLA ALEJANDRA;CUIT;0027235809880
06/03/2026;990;TRANSF CONNBKG;-323942,28;;90600710,71;0110430;;0187;DATANET;DE GALICIA Y BS AS;0070682330004004741483;;;CASORATI MARIO NICOLAS;CUIT;0020312439108
06/03/2026;990;TRANSF CONNBKG;-648026,93;;90924652,99;0110429;;0187;DATANET;CREDICOOP COOP LTDO;1910168455016802909182;;;MARTINEZ BETINA ELIANA;CUIT;0027322473201
06/03/2026;990;TRANSF CONNBKG;-1464315,84;;91572679,92;0110428;;0187;DATANET;MACRO;2850054640094912473148;;;ROJAS NORBERTO DANIEL;CUIT;0020281627024
06/03/2026;990;TRANSF CONNBKG;-213241,14;;93036995,76;0110427;;0187;DATANET;DE GALICIA Y BS AS;0070682330004004741483;;;CASORATI MARIO NICOLAS;CUIT;0020312439108
06/03/2026;795;TRANSF. E/BCOS-ONLINE;;30251000,00;93250236,90;TEBB0000;;0171;ATM DEL EXTERIOR;;00020003969759;;;LOGISTICA ARGENTINA S R L;CUIT;0030717060985
06/03/2026;208;IVA RG 2408;-90,00;;62999236,90;;;0535;PROCESO BATCH
06/03/2026;206;I V A;-630,00;;62999326,90;;;0535;PROCESO BATCH
06/03/2026;020;COM B@C TRF.ABIERTA INTER;-3000,00;;62999956,90;COM B C TRF.AB;;0535;PROCESO BATCH
06/03/2026;276;R/RECAUDACION IB SIRCREB CONV.;-778958,92;;63002956,90;Z N00079001200;;0535;PROCESO BATCH
06/03/2026;260;IMP S/CRED CT;-389479,46;;63781915,82;2;;0535;PROCESO BATCH
06/03/2026;259;IMP S/DEB CT;-6328,36;;64171395,28;2;;0535;PROCESO BATCH
05/03/2026;990;DEBITO INMEDIATO20263562195;-573708,49;;64177723,64;DBTO CREDIN;;0535;BUSSINESS SERVER
05/03/2026;990;DEBITO INMEDIATO27169840445;-41700,00;;64751432,13;DBTO CREDIN;;0535;BUSSINESS SERVER;PATAGONIA SUDAMERIS SA
05/03/2026;990;DEBITO INMEDIATO27312099441;-237709,10;;64793132,13;DBTO CREDIN;;0535;BUSSINESS SERVER;NARANJA X
05/03/2026;990;DEBITO INMEDIATO30715109650;-36300,00;;65030841,23;DBTO CREDIN;;0535;BUSSINESS SERVER;DE CORRIENTES
05/03/2026;990;DEBITO INMEDIATO27312099441;-104810,80;;65067141,23;DBTO CREDIN;;0535;BUSSINESS SERVER;NARANJA X
05/03/2026;990;DEBITO INMEDIATO20165439849;-60500,00;;65171952,03;DBTO CREDIN;;0535;BUSSINESS SERVER;SANTANDER RIO
05/03/2026;944;TRANS PAG PROV;;25635307,08;65232452,03;5377952;;0187;DATANET;DE GALICIA Y BS AS;0070068920000000544951;;;LOGINTER SA;CUIT;0030687280438
05/03/2026;944;TRANS PAG PROV;;39277936,27;39597144,95;5139184;;0187;DATANET;MACRO;2850518330094002518121;;;Organizacion Courier Argentin;CUIT;0030662049618
05/03/2026;259;IMP S/DEB CT;-60162,17;;319208,68;2;;0535;PROCESO BATCH
04/03/2026;795;TRANSF. E/BCOS-ONLINE;;10088000,00;379370,85;TEBB0000;;0171;ATM DEL EXTERIOR;;00020003969759;;;LOGISTICA ARGENTINA S R L;CUIT;0030717060985
04/03/2026;990;DEBITO INMEDIATO33714331529;-10027028,24;;-9708629,15;DBTO CREDIN;;0535;BUSSINESS SERVER;DE GALICIA Y BS AS
04/03/2026;177;TRANSF CONNBKG;-1000,00;;318399,09;0107105;;0187;DATANET;DE LA NACION ARGENTINA;0110221720022102701793;;;LOGISTICA ARGENTINA SRL;CUIT;0030717060985
04/03/2026;259;IMP S/DEB CT;-1207,64;;319399,09;2;;0535;PROCESO BATCH
03/03/2026;177;DEBITO INMEDIATO30717060985;-25538000,00;;320606,73;DBTO CREDIN;;0535;BUSSINESS SERVER;;0000003100025848454475;;;LOGISTICA ARGENTINA;CUIT;30717060985
03/03/2026;795;TRANSF. E/BCOS-ONLINE;;25538000,00;25858606,73;TEBB0000;;0171;ATM DEL EXTERIOR;;00020003969759;;;LOGISTICA ARGENTINA S R L;CUIT;0030717060985
03/03/2026;445;DEB PREA DEBIN  30703088534;-71188,90;;320606,73;DBBS0000;;0171;HOME BANKING
03/03/2026;445;DEB PREA DEBIN  30703088534;-25579,50;;391795,63;DBBS0000;;0171;HOME BANKING
03/03/2026;445;DEB PREA DEBIN  30703088534;-49376,58;;417375,13;DBBS0000;;0171;HOME BANKING
03/03/2026;445;DEB PREA DEBIN  30703088534;-26607,50;;466751,71;DBBS0000;;0171;HOME BANKING
03/03/2026;208;IVA RG 2408;-690,00;;493359,21;;;0535;PROCESO BATCH
03/03/2026;206;I V A;-4830,00;;494049,21;;;0535;PROCESO BATCH
03/03/2026;020;COM B@C TRF.ABIERTA INTER;-23000,00;;498879,21;COM B C TRF.AB;;0535;PROCESO BATCH
03/03/2026;259;IMP S/DEB CT;-262328,40;;521879,21;2;;0535;PROCESO BATCH
02/03/2026;858;PAGO NOSIS 0000000000000422140;-168190,00;;784207,61;00000090117061;;0167;PROCESO BATCH
02/03/2026;990;DEBITO INMEDIATO20167931325;-1249806,81;;952397,61;DBTO CREDIN;;0535;BUSSINESS SERVER;BBVA;0170015240000006154648;;;NORBERTO ENRIQUE MORALES;CUIT;20167931325
02/03/2026;990;DEBITO INMEDIATO20299917828;-682379,65;;2202204,42;DBTO CREDIN;;0535;BUSSINESS SERVER;DE LA NACION ARGENTINA
02/03/2026;990;DEBITO INMEDIATO20440240063;-726051,14;;2884584,07;DBTO CREDIN;;0535;BUSSINESS SERVER;BBVA
02/03/2026;990;DEBITO INMEDIATO30716804972;-6585727,50;;3610635,21;DBTO CREDIN;;0535;BUSSINESS SERVER;SANTANDER RIO
02/03/2026;990;DEBITO INMEDIATO20299917828;-797510,64;;10196362,71;DBTO CREDIN;;0535;BUSSINESS SERVER;DE LA NACION ARGENTINA
02/03/2026;990;DEBITO INMEDIATO20299917828;-181832,58;;10993873,35;DBTO CREDIN;;0535;BUSSINESS SERVER;DE LA NACION ARGENTINA
02/03/2026;990;DEBITO INMEDIATO20208227042;-902345,68;;11175705,93;DBTO CREDIN;;0535;BUSSINESS SERVER
02/03/2026;990;DEBITO INMEDIATO20229517245;-46394,75;;12078051,61;DBTO CREDIN;;0535;BUSSINESS SERVER;CREDICOOP COOP LTDO
02/03/2026;990;DEBITO INMEDIATO20299917828;-415942,50;;12124446,36;DBTO CREDIN;;0535;BUSSINESS SERVER;DE LA NACION ARGENTINA
02/03/2026;990;DEBITO INMEDIATO20334685358;-454661,44;;12540388,86;DBTO CREDIN;;0535;BUSSINESS SERVER;MACRO
02/03/2026;990;DEBITO INMEDIATO20279153309;-714610,25;;12995050,30;DBTO CREDIN;;0535;BUSSINESS SERVER;DE GALICIA Y BS AS;0070046720000009245688;;;MATIAS IGNACIO LACUNZA;CUIT;20279153309
02/03/2026;990;DEBITO INMEDIATO23281863789;-264928,01;;13709660,55;DBTO CREDIN;;0535;BUSSINESS SERVER;;0000184305010007271971;;;RUBEN ADRIAN BURGI;CUIT;23281863789
02/03/2026;990;DEBITO INMEDIATO20236221882;-844489,48;;13974588,56;DBTO CREDIN;;0535;BUSSINESS SERVER;PROVINCIA DE BS AS
02/03/2026;990;DEBITO INMEDIATO27319953480;-394531,82;;14819078,04;DBTO CREDIN;;0535;BUSSINESS SERVER;NARANJA X
02/03/2026;990;DEBITO INMEDIATO20325666065;-498078,26;;15213609,86;DBTO CREDIN;;0535;BUSSINESS SERVER
02/03/2026;990;DEBITO INMEDIATO20277706718;-1144419,01;;15711688,12;DBTO CREDIN;;0535;BUSSINESS SERVER;PATAGONIA SUDAMERIS SA;0340333208333020788002;;;DAMIAN DE JESUS SANCHEZ;CUIT;20277706718
02/03/2026;990;DEBITO INMEDIATO27213406650;-418171,05;;16856107,13;DBTO CREDIN;;0535;BUSSINESS SERVER;DE GALICIA Y BS AS
02/03/2026;990;DEBITO INMEDIATO20260726448;-989290,52;;17274278,18;DBTO CREDIN;;0535;BUSSINESS SERVER;DE GALICIA Y BS AS
02/03/2026;990;DEBITO INMEDIATO20343993154;-1328555,77;;18263568,70;DBTO CREDIN;;0535;BUSSINESS SERVER;DE LA NACION ARGENTINA
02/03/2026;990;DEBITO INMEDIATO20388309335;-1327343,94;;19592124,47;DBTO CREDIN;;0535;BUSSINESS SERVER;PROV CORDOBA
02/03/2026;990;DEBITO INMEDIATO20344534595;-588000,46;;20919468,41;DBTO CREDIN;;0535;BUSSINESS SERVER;DE GALICIA Y BS AS
02/03/2026;990;DEBITO INMEDIATO27272288696;-1164795,76;;21507468,87;DBTO CREDIN;;0535;BUSSINESS SERVER
02/03/2026;990;DEBITO INMEDIATO20207075877;-1116402,62;;22672264,63;DBTO CREDIN;;0535;BUSSINESS SERVER;NARANJA X
02/03/2026;990;DEBITO INMEDIATO23360548139;-1138181,81;;23788667,25;DBTO CREDIN;;0535;BUSSINESS SERVER;SANTANDER RIO
02/03/2026;990;DEBITO INMEDIATO20261443962;-957780,78;;24926849,06;DBTO CREDIN;;0535;BUSSINESS SERVER;DE GALICIA Y BS AS
02/03/2026;990;DEBITO INMEDIATO20257029574;-689437,32;;25884629,84;DBTO CREDIN;;0535;BUSSINESS SERVER;NUEVO BCO DEL CHACO;3110001211000015190040;;;LEANDRO ADRIAN MARTINEZ;CUIT;20257029574
02/03/2026;990;DEBITO INMEDIATO20166813000;-960120,18;;26574067,16;DBTO CREDIN;;0535;BUSSINESS SERVER;BBVA
02/03/2026;990;DEBITO INMEDIATO20214288584;-435140,27;;27534187,34;DBTO CREDIN;;0535;BUSSINESS SERVER;DE LA PAMPA
02/03/2026;990;DEBITO INMEDIATO33716733209;-517683,91;;27969327,61;DBTO CREDIN;;0535;BUSSINESS SERVER;DE GALICIA Y BS AS
02/03/2026;990;DEBITO INMEDIATO20305964965;-533223,59;;28487011,52;DBTO CREDIN;;0535;BUSSINESS SERVER;DE LA NACION ARGENTINA
02/03/2026;990;DEBITO INMEDIATO20330441950;-575208,06;;29020235,11;DBTO CREDIN;;0535;BUSSINESS SERVER;DE GALICIA Y BS AS
02/03/2026;990;DEBITO INMEDIATO20417602918;-382038,73;;29595443,17;DBTO CREDIN;;0535;BUSSINESS SERVER;DE LA NACION ARGENTINA
02/03/2026;990;DEBITO INMEDIATO23404241443;-997612,28;;29977481,90;DBTO CREDIN;;0535;BUSSINESS SERVER;NARANJA X
02/03/2026;990;DEBITO INMEDIATO20338060883;-759075,42;;30975094,18;DBTO CREDIN;;0535;BUSSINESS SERVER;CIUDAD DE BS AS
02/03/2026;990;DEBITO INMEDIATO27201064266;-949435,25;;31734169,60;DBTO CREDIN;;0535;BUSSINESS SERVER;DE LA PAMPA
02/03/2026;990;DEBITO INMEDIATO27247208130;-795122,66;;32683604,85;DBTO CREDIN;;0535;BUSSINESS SERVER;PROVINCIA DE BS AS
02/03/2026;990;DEBITO INMEDIATO20201481873;-935433,82;;33478727,51;DBTO CREDIN;;0535;BUSSINESS SERVER;BRUBANK S.A.U.;1430001713013842870018;;;LEANDRO JAVIER AGUILAR;CUIT;20201481873
02/03/2026;990;DEBITO INMEDIATO20401009206;-1190744,85;;34414161,33;DBTO CREDIN;;0535;BUSSINESS SERVER
02/03/2026;990;DEBITO INMEDIATO20363533109;-883204,34;;35604906,18;DBTO CREDIN;;0535;BUSSINESS SERVER;PROVINCIA DE BS AS
02/03/2026;990;DEBITO INMEDIATO20259500789;-930010,24;;36488110,52;DBTO CREDIN;;0535;BUSSINESS SERVER
02/03/2026;990;DEBITO INMEDIATO27238204408;-1051085,25;;37418120,76;DBTO CREDIN;;0535;BUSSINESS SERVER;BBVA
02/03/2026;990;DEBITO INMEDIATO27438588359;-687789,13;;38469206,01;DBTO CREDIN;;0535;BUSSINESS SERVER;DE GALICIA Y BS AS
02/03/2026;990;DEBITO INMEDIATO20294470744;-812631,92;;39156995,14;DBTO CREDIN;;0535;BUSSINESS SERVER;PROVINCIA DE BS AS
02/03/2026;990;DEBITO INMEDIATO27313266074;-1251940,00;;39969627,06;DBTO CREDIN;;0535;BUSSINESS SERVER;DE GALICIA Y BS AS
02/03/2026;990;DEBITO INMEDIATO20271875151;-319816,30;;41221567,06;DBTO CREDIN;;0535;BUSSINESS SERVER;NUEVO BCO DEL CHACO
02/03/2026;990;DEBITO INMEDIATO20304192780;-513073,08;;41541383,36;DBTO CREDIN;;0535;BUSSINESS SERVER;DE LA NACION ARGENTINA
02/03/2026;990;DEBITO INMEDIATO27472827036;-516509,84;;42054456,44;DBTO CREDIN;;0535;BUSSINESS SERVER;PATAGONIA SUDAMERIS SA
02/03/2026;990;DEBITO INMEDIATO20368662934;-1377258,23;;42570966,28;DBTO CREDIN;;0535;BUSSINESS SERVER;DE GALICIA Y BS AS
02/03/2026;990;TR.3092478  A 0539/01131358/58;-500059,97;;43948224,51;MTA00000000013;;0187;DATANET;ICBC;0150539901000131358581;;;FABIO DOMINGO GOMEZ;CUIT;0020176730820
02/03/2026;795;TRANSF. E/BCOS-ONLINE;;1386000,00;44448284,48;TEBB0000;;0171;ATM DEL EXTERIOR;;00020003969759;;;LOGISTICA ARGENTINA S R L;CUIT;0030717060985
02/03/2026;795;TRANSF. E/BCOS-ONLINE;;40872000,00;43062284,48;TEBB0000;;0171;ATM DEL EXTERIOR;;00020003969759;;;LOGISTICA ARGENTINA S R L;CUIT;0030717060985
02/03/2026;260;IMP S/CRED CT;-9443,05;;2190284,48;2;;0535;PROCESO BATCH
02/03/2026;259;IMP S/DEB CT;-89103,14;;2199727,53;2;;0535;PROCESO BATCH
02/03/2026;276;R/RECAUDACION IB SIRCREB CONV.;-18886,11;;2288830,67;Z N00014001200;;0535;PROCESO BATCH
02/03/2026;208;IVA RG 2408;-930,00;;2307716,78;;;0535;PROCESO BATCH
02/03/2026;206;I V A;-6510,00;;2308646,78;;;0535;PROCESO BATCH
02/03/2026;515;COM MANT CT;-31000,00;;2315156,78;;;0535;PROCESO BATCH
